2692 4822
521 348 677 416 LIBER
704 348 790 414 Vll.
1174 345 1197 421 5

125 502 265 571 pennas,
299 500 469 571 squamas,
497 476 619 546 vellera
630 474 664 545 ²².
688 480 839 546 Truncos
868 479 966 547 etiarn
995 479 1198 576 arboresque

128 586 265 672 cortice,
282 582 450 652 interdum
467 585 599 678 gemino
607 569 643 672 ²³,
664 609 683 652 a
704 583 886 677 frigoribus
905 599 938 652 et
957 583 1065 654 calore
1088 602 1196 665 tutata

129 677 212 759 est²⁴.
230 691 409 760 Hominem
433 699 563 759 tantuin
588 676 748 759 nudum²⁵
768 705 802 759 et
827 691 861 759 in
880 691 970 759 nuda
992 691 1113 779 humo,
1137 719 1195 764 na·

130 796 178 864 tali
190 797 242 866 die
259 797 373 890 abjicit
387 795 428 864 ad
443 798 574 890 vagitus
589 798 700 878 statim
716 810 749 866 et
766 796 933 891 ploratum
944 783 982 883 ²⁶,
1000 796 1195 894 nullumque

757 939 769 966 B

132 981 268 1052 Longiores
282 993 344 1033 sunt
357 981 412 1033 oilli
424 993 451 1034 et
466 980 566 1034 flexiles
574 1021 582 1045 ‚
597 982 634 1035 ita
677 999 761 1052 quum
780 981 855 1050 prior
871 975 996 1050 taldsppa
1016 983 1127 1053 proprie
1146 1002 1195 1055 sp·

132 1072 155 1112 nt
174 1079 266 1132 magna
291 1080 324 1113 ex
350 1072 423 1131 parte
446 1079 501 1113 sese
523 1073 633 1132 tangen·
677 1061 804 1132 pelletur;
827 1058 873 1112 sed
886 1061 988 1114 Plinius
1003 1059 1111 1117 ridetur
1128 1063 1156 1117 h.
1175 1063 1194 1117 l.

133 1151 162 1191 tes
172 1141 289 1195 molliter
306 1138 403 1193 cadant
417 1140 462 1193 alii
481 1139 510 1193 in
526 1141 592 1193 alios
607 1154 635 1194 et
680 1139 720 1192 de·
731 1140 859 1193 crassiore
871 1140 1006 1210 cogitasse.
1022 1141 1071 1194 Aa.

132 1219 303 1273 diradantur.
325 1219 370 1275 sic
387 1221 416 1272 in
435 1220 534 1285 hircis,
548 1220 634 1271 leoni·
692 1223 701 1241 ‘
720 1225 765 1284 ²4·
782 1221 807 1271 T
806 1231 874 1273 utota
886 1233 929 1274 est.
944 1219 1119 1275 Salmanticus
1135 1223 1196 1294 qui·

132 1298 309 1364 bus‚camelis,
318 1310 346 1354 et
359 1297 563 1370 quadrupedum
576 1318 633 1352 non
677 1298 739 1352 (lam
748 1298 833 1352 codex
848 1312 875 1352 et
887 1318 955 1351 unus
969 1300 1121 1354 Parisiensis
1132 1320 1194 1354 cum

131 1380 216 1447 paucis.
224 1380 253 1431 V
251 1379 309 1430 illus
320 1392 359 1433 est
370 1398 384 1431 a
394 1380 498 1441 cellere,
511 1392 538 1432 et
548 1397 634 1449 quan·
675 1378 870 1451 optimoRegio
881 1396 888 1431 :
904 1391 957 1430 tuta
968 1391 1011 1432 est.
1019 1379 1100 1444 Quod
1111 1383 1195 1452 magis

131 1474 199 1528 qnam
222 1457 258 1513 de
279 1458 404 1530 lanigeris
425 1471 527 1513 tantum
547 1458 632 1513 vellus
676 1458 760 1529 sapit,
776 1458 813 1512 ait
829 1457 993 1514 Harduinus.
1010 1460 1066 1512 Nos
1083 1459 1193 1530 quidem

131 1539 446 1611 antiphonariorum
457 1550 484 1592 et
496 1537 530 1591 de
541 1557 590 1590 ove
608 1551 634 1591 et
676 1537 748 1593 unde
759 1539 816 1591 haec
838 1537 917 1591 docto
929 1539 988 1591 viro
998 1539 1114 1592 arriserit
1132 1541 1194 1593 scri·

131 1615 157 1669 ds
168 1619 282 1682 caeteris,
294 1619 419 1689 cognatio
428 1631 454 1672 et
467 1618 582 1672 affinitas
594 1631 634 1672 est
676 1632 757 1689 ptura
766 1638 821 1671 non
836 1619 1018 1689 assequimur;
1039 1620 1139 1684 immo,
1158 1639 1194 1672 ne

131 1697 255 1770 utriusque
268 1698 351 1751 vocis.
358 1697 423 1750 Setoe
436 1716 500 1750 vero
512 1698 542 1750 in
552 1715 633 1767 apro,
676 1716 783 1752 sensum
790 1696 897 1771 quidem
903 1698 1039 1768 scripturae
1045 1699 1191 1771 attigimus:

130 1794 150 1828 v.
166 1778 265 1848 gratia,
285 1795 352 1841 sue,
371 1789 398 1831 et
419 1778 471 1830 boc
486 1778 633 1846 Plantigra-
675 1797 736 1833 nam
751 1790 844 1829 truncos
859 1777 1018 1847 arboresque
1030 1779 1193 1831 accusativus

130 1853 158 1908 do
179 1875 258 1928 qoem
283 1856 428 1926 setigerum
448 1858 558 1910 nomine
581 1857 633 1927 gal·
658 1868 749 1911 ‘casus
762 1857 811 1909 sibi
828 1855 989 1920 vindicavit,
1009 1856 1061 1909 nisi
1079 1861 1147 1928 ῥῆμα
1163 1859 1192 1911 in

131 1935 173 1991 lico
186 1950 266 1996 tentes
281 1935 384 1990 dicunt.
402 1937 463 1988 Non
475 1955 536 1989 curn
550 1937 632 2006 spinis
675 1938 764 2008 phrasi
776 1956 828 2008 qua
840 1936 938 1997 latitet,
954 1936 994 1988 rel
1007 1936 1190 1990 subaudiatur.

131 2016 214 2085 robus
223 2017 320 2070 horret
328 2015 484 2071 herinaceus
490 2015 582 2070 eadem
594 2030 633 2069 est
675 2017 697 2069 E
714 2029 767 2068 tuta
780 2016 911 2087 possimus
924 2014 1033 2086 quidem
1046 2035 1094 2068 nos
1110 2018 1191 2069 extri·

131 2107 179 2149 teta.
190 2097 247 2151 Nec
257 2094 511 2166 similisquidem,in
521 2114 633 2150 acumen
675 2110 735 2149 care
748 2100 823 2158 tuita;
835 2094 881 2148 sed
894 2113 944 2147 nec
957 2108 1010 2147 tuta
1023 2097 1127 2148 honum
1139 2110 1188 2158 est,

131 2192 175 2228 sese
194 2188 322 2231 tenuante
342 2175 435 2244 spina,
455 2175 520 2231 dum
539 2174 632 2230 eadem
656 2174 725 2228 'uec
742 2179 804 2228 tuito
819 2175 1052 2244 elegantissimum.
1070 2175 1190 2233 Omnino

130 2272 221 2326 temper
245 2255 308 2309 setis
332 2254 479 2308 crassitudo
505 2268 550 2308 est.
568 2255 633 2307 Mox
675 2258 702 2308 τὸ
720 2267 799 2307 tutata
814 2253 1033 2311 meliusvidetur.
1047 2255 1097 2307 Aa.

127 2334 295 2399 pausaviltis
303 2334 356 2386 hoc
367 2333 547 2407 discrepantes
557 2333 631 2407 quod
717 2337 762 2388 25.
775 2335 930 2387 Hominem...
942 2333 1039 2386 trudam
1052 2335 1191 2404 Epigram-

130 2415 200 2485 magis
209 2413 576 2484 aridi.0ptimeGnanonr.r
589 2415 630 2466 in·
675 2433 718 2467 ma
743 2427 780 2467 est
804 2412 916 2466 Pallada
939 2414 1128 2483 πολυθρὺλλητον
1154 2413 1188 2467 de

130 2494 628 2565 tapreuaturerin.Tumplumam:quae
674 2493 769 2549 eodem
792 2505 963 2565 argumento,
983 2494 1011 2544 in
1042 2493 1187 2564 Antholog.

129 2569 173 2629 hoc
189 2574 252 2627 loco
272 2572 426 2643 lanuginem
440 2573 560 2644 designat
581 2572 630 2627 sub
673 2573 759 2638 lihl,
777 2567 1018 2644 eap.x111(slrr'or
1042 2573 1187 2643 ἀνθρώπινον

128 2654 211 2720 pennis
231 2653 296 2723 ipsis
319 2653 409 2705 avium
427 2649 574 2723 ἐπιδέρματι
591 2654 629 2706 al·
675 2643 747 2721 βίον),
761 2653 872 2722 epigr.6
889 2671 895 2702 τ
913 2658 961 2712 Γῆς
977 2649 1067 2707 ι’πίίην
1081 2659 1187 2723 γυμνὸς,

129 2729 209 2785 fixam.
224 2735 273 2784 Aa.
672 2735 760 2801 γυμνός
777 2739 798 2785 θ’
810 2733 858 2784 ὑπὸ
878 2734 951 2801 γαῖαν
976 2731 1079 2800 ἄπειμι·
1097 2733 1148 2785 Καὶ
1163 2735 1186 2784 τί

162 2830 207 2865 aa.
235 2811 352 2872 Pennas,
379 2831 507 2883 squamas,
526 2813 627 2865 vellera.
673 2814 753 2880 μάτην
768 2817 860 2881 μοχθῶ,
873 2812 962 2881 γυμνὸν
976 2813 1035 2875 letias
1048 2813 1075 2864 τὸ
1090 2815 1167 2872 τέλος.

128 2889 183 2944 Hes
194 2892 282 2956 clara,
293 2909 343 2944 nec
357 2909 415 2960 quae
427 2891 629 2948 illustrationem
715 2896 760 2945 26.
776 2892 873 2962 Abjc'es't
888 2891 923 2942 ad
941 2896 1040 2960 vagitus
1063 2895 1146 2943 statim
1164 2903 1189 2942 et

129 2969 210 3043 velint.
221 2971 630 3030 Caeterumlocustotusvidetur
671 2971 800 3039 ploratum.
834 2971 953 3041 Respicit
982 2972 1075 3041 procul
1103 2969 1187 3024 dubio

128 3049 287 3109 eCicerone
308 3048 482 3121 desumptus,
509 3048 543 3102 de
569 3051 629 3104 Nat.
676 3056 772 3104 Noster
787 3049 821 3105 ad
835 3050 964 3105 famosum
985 3069 1088 3103 morem
1106 3069 1188 3121 expo·

128 3127 328 3198 Deor..11,47:
348 3129 550 3186 «Animantium
568 3149 631 3183 vero
674 3129 1188 3200 nendiliberosincubicul0‚quospater

127 3223 219 3277 quanta
228 3209 341 3261 varietas
356 3208 412 3263 est?
433 3209 554 3273 Quarum
574 3211 632 3263 alias
675 3209 709 3261 de
720 3230 768 3262 suo
774 3209 885 3264 arbitrio
896 3209 1000 3262 tolleret
1012 3210 1187 3280 relinqueret·

127 3288 201 3340 coriis
210 3300 285 3343 tecte
296 3301 367 3353 sunt,
376 3288 433 3342 alis
444 3288 514 3341 villis
523 3290 630 3354 vestitas,
675 3308 719 3352 ve,
729 3302 811 3360 prout
819 3288 933 3345 educare
942 3289 1006 3342 huic
1018 3288 1114 3341 liberet
1125 3327 1133 3352 ,
1144 3289 1186 3340 vel

127 3366 180 3423 alis
197 3368 280 3439 spinis
300 3367 410 3426 hirsutas
424 3389 430 3418 ε
445 3369 535 3438 pluma
554 3370 631 3433 alias,
674 3369 733 3422 neci
746 3368 859 3423 tradere.
875 3369 1009 3421 Ceterum
1025 3388 1086 3421 raro
1101 3369 1187 3419 infan-

127 3446 185 3501 alias
209 3465 318 3521 squama
341 3447 462 3502 videmus
484 3445 629 3502 obductas:
675 3460 728 3500 tem
750 3467 804 3500 non
826 3449 960 3512 levabant;
981 3446 1053 3500 unde
1068 3447 1189 3500 Ethnicis

128 3527 184 3581 alin
201 3546 257 3582 esse
274 3528 402 3580 'cornibus
421 3539 546 3592 armatas,
569 3529 631 3581 alias
676 3529 780 3582 Levana
791 3526 914 3599 qaedam
928 3526 978 3581 dea
996 3527 1140 3597 excogitata
1149 3538 1188 3577 est

127 3604 218 3665 habere
228 3608 327 3678 ellugia
337 3625 502 3677 pennarum,
515 3620 582 3660 etc·
594 3609 629 3661 H.
676 3619 702 3660 et
713 3609 840 3678 templum
852 3607 1021 3660 habuistine
1030 3625 1080 3659 vox
1093 3605 1186 3674 abjicit,

162 3684 632 3757 23.Cortr'cs...gemino.Duoplerum·
677 3701 705 3740 ut
726 3689 779 3757 jam
804 3686 934 3749 diximus,
962 3684 1111 3748 referenda,
1133 3704 1188 3737 nou

127 3766 631 3838 quecorticispartesdistinguuntur,in-
676 3766 748 3837 quod
768 3767 802 3820 de
819 3766 944 3819 Romanis
963 3778 1067 3816 tanturn
1088 3764 1189 3817 Plinius

128 3847 204 3900 terior
220 3849 316 3920 nempe
339 3859 367 3900 et
388 3846 517 3908 exterior,
536 3866 629 3917 rugosa
675 3846 843 3917 pronuntiet:
856 3847 892 3898 ait
904 3845 948 3896 ille
963 3843 1069 3914 quidem
1085 3843 1119 3897 de
1137 3857 1188 3897 tota

126 3924 177 3980 bec
191 3940 215 3979 et
228 3946 333 3997 aspera,
345 3940 372 3981 et
385 3925 551 3995 nigrescens,
565 3928 630 3978 mol-
675 3927 813 3979 bominum
826 3926 910 3996 stirpe
919 3925 945 3974 in
961 3924 1129 3988 universum,
1144 3923 1189 3976 sed

126 4003 221 4060 liorilla
232 4019 258 4065 et
270 4008 370 4073 laevior,
385 4005 430 4059 cui
446 4023 543 4057 nornen
560 4007 625 4066 liber,
674 4005 708 4058 de
716 4006 839 4063 Rornanis
849 4005 979 4074 cogitans,
989 4016 1015 4055 et
1026 4005 1107 4058 εἰκόνα
1117 4003 1190 4075 apud
