2692 4822
517 349 677 419 ntnnn
704 349 794 417 v11.
907 406 910 411 ,
1167 376 1190 446 9

126 465 217 568 tex⁴⁶,
227 503 366 551 summe
378 480 464 549 inter
477 476 758 550 cunctaanimalin
771 475 1002 546 imbecillitatis
1013 479 1193 550 indicium?

128 589 193 655 Iam
207 586 335 673 morbi,
346 572 492 680 totque⁴⁷
512 585 682 657 medicinae
698 599 816 654 contra
833 583 922 653 mala
939 587 1148 679 excogitatas,
1159 603 1194 656 et
1298 606 1302 616 ’

129 693 172 762 he
201 717 335 786 quoque
359 693 499 762 subinde
528 677 761 762 novitatibus⁴⁸
787 690 892 760 victae.
919 693 1049 761 Cetera
1071 695 1197 763 sentire

131 813 273 868 naturam
295 822 410 885 suam,
426 797 490 869 alia
505 800 736 894 pernicitatem
751 822 933 892 usurpare,
950 795 1014 867 alia
1031 814 1194 893 praepetes

130 904 271 992 volatus,
290 903 355 974 alia
380 930 461 974 nare
470 892 515 973 ⁴¹⁹:
533 905 702 976 bominem
726 905 810 974 scire
824 902 908 972 nihil
930 904 1000 973 sine
1021 903 1193 990 doctrina,

130 1141 191 1192 rium
217 1152 244 1193 et
269 1141 398 1212 planum,
413 1141 451 1192 sic
472 1141 634 1211 ascriptum
717 1139 933 1204 48.Novr'tatibus.
946 1137 1030 1191 Novis
1041 1139 1099 1192 soil.
1117 1159 1193 1194 mor·

130 1221 239 1273 omnium
249 1220 375 1273 codicum
387 1221 578 1291 aliquantisper
592 1219 634 1272 di·
677 1220 774 1272 borum
781 1218 929 1290 generibus.
940 1217 1022 1271 Multi
1031 1220 1104 1272 enim
1118 1233 1192 1274 aute-

130 1311 176 1352 sut
187 1300 274 1352 Nossi
285 1300 420 1370 vulgatum
428 1299 565 1372 reliquisse
576 1317 633 1352 non
676 1299 727 1353 hac
742 1297 854 1352 inauditi
871 1299 959 1351 morbi
977 1300 1072 1351 urbem
1091 1300 1193 1353 invase·
1290 1322 1292 1329 ·

129 1378 229 1449 pigebit,
237 1391 266 1433 et
276 1378 312 1432 de
318 1391 410 1432 nostro
420 1397 492 1450 penu
498 1380 634 1450 conjectu·
677 1395 706 1431 re
718 1391 744 1432 et
752 1378 857 1431 ltaliam
869 1379 919 1431 sub
928 1377 1059 1432 Cesaram
1069 1379 1193 1450 imperio,

129 1476 174 1511 run
189 1456 498 1530 deprompsissenecesse
509 1458 573 1523 erit,
591 1478 634 1512 su·
677 1459 739 1528 quia
759 1475 856 1528 nempe
874 1459 904 1510 in
920 1457 971 1510 bac
988 1458 1111 1510 omnium
1128 1477 1192 1529 gen·
1235 1449 1239 1458 ’

129 1537 251 1608 spbemur
258 1557 310 1609 pro
318 1536 599 1608 sospesrescribendum
608 1559 635 1591 os
677 1538 745 1591 tium
756 1549 907 1590 exterarum
922 1537 1165 1610 barbararumque,
1177 1559 1192 1592 a

126 1635 172 1685 per,
182 1618 218 1670 ite
225 1631 257 1672 ut
265 1617 375 1688 dempta
381 1618 466 1687 prima
473 1617 635 1688 litters,quae
676 1617 765 1669 Thule
774 1615 809 1669 ad
821 1616 985 1687 Euphratem
996 1635 1094 1688 usque,
1108 1619 1192 1670 collu-

129 1697 338 1767 stirpraeeuntis
346 1695 493 1768 duplicatio
502 1697 530 1749 iu
540 1715 635 1750 manu·
677 1696 733 1748 vies
756 1694 920 1749 confluxerat
943 1696 1190 1767 celebrabaturque.

128 1777 222 1848 scriptis
230 1776 363 1841 usitatior,
369 1794 421 1829 vox
430 1771 594 1836 ὃισσὺλλαῧος
605 1777 634 1829 in
676 1776 711 1828 Et
722 1793 814 1828 revera
828 1776 920 1845 opinio
933 1774 1015 1828 hodie
1030 1777 1191 1847 percrebuit,

129 1853 185 1910 duas
197 1857 275 1909 abeat
284 1854 489 1928 μονοσυλλὲὅους.
497 1857 559 1909 Post
568 1859 596 1909 ri
609 1875 636 1909 os
677 1874 736 1925 quae
743 1856 900 1907 morborum
914 1874 1009 1926 genera
1018 1857 1193 1928 elonginquis

129 1935 295 2006 verosignum
306 1936 522 2006 interrogationis
540 1935 635 2007 appin·
676 1935 830 2005 regionibus
846 1935 923 1988 allata
943 1947 971 1986 et
987 1934 1117 1988 adscititin
1136 1955 1191 1989 esse

128 2031 219 2084 immi
225 2013 300 2069 unde
302 2032 346 2085 per
352 2015 460 2069 initium
465 2015 518 2069 erit
524 2016 634 2085 φράσεως
677 2015 741 2066 olim
752 2013 921 2078 videbantur,
932 2015 988 2068 hmo
998 2035 1054 2068 non
1066 2016 1141 2086 prius
1148 2035 1192 2069 ex·

128 2094 229 2166 slicttjm
242 2113 302 2166 qun
315 2097 446 2166 sequitur,
454 2094 500 2148 ssd
512 2114 568 2147 nou
579 2095 634 2148 visa
676 2094 770 2148 stitisse
782 2113 863 2164 quam
870 2095 1192 2166 humanarumstirpium,

128 2175 271 2240 mnirari,
285 2175 402 2228 obhanc
417 2174 516 2231 scilicet
529 2193 634 2227 causum
676 2175 786 2244 propria
806 2187 832 2227 et
856 2193 902 2226 sua
922 2175 1047 2245 utrinque
1071 2176 1132 2227 labe
1152 2176 1191 2228 la·

127 2253 192 2324 quod
222 2266 317 2307 cetera
343 2254 536 2307 interciderint.
563 2255 635 2323 Ergo
676 2254 837 2316 borantium,
846 2250 961 2306 mixture
971 2255 1132 2323 gigneretur.
1142 2256 1189 2315 Ar.
1269 2252 1271 2256 ’

127 2331 192 2386 locus
204 2345 277 2387 totus
291 2334 320 2387 in
333 2334 408 2387 bunc
420 2334 531 2387 modum
542 2346 635 2387 statue-
718 2334 830 2401 ipsuis
832 2336 998 2404 pernicitatem
1007 2336 1191 2403 usurparentur

129 2424 175 2464 tur:
185 2413 402 2483 Quaadofirmum
414 2415 473 2466 cibis
484 2421 635 2483 oster...1²
673 2425 790 2483 properes
803 2414 914 2477 uolatus,
924 2414 975 2464 alia
989 2432 1056 2465 aare.
1070 2414 1191 2467 inlibris

130 2491 258 2560 Quamdiu,
270 2509 322 2547 etc.
338 2501 383 2547 Aa.
676 2493 803 2545 hactenus
813 2491 962 2556 editis,nlio
968 2496 1047 2556 uires,
1059 2494 1111 2544 alia
1119 2514 1191 2559 nere,

166 2573 340 2642 &Quamdiu
346 2574 473 2644 palpitans
480 2585 573 2625 rensc.
581 2573 636 2626 Cre·
676 2571 875 2641 legebatur.Sed
881 2591 964 2643 quum
971 2570 1030 2625 duae
1040 2574 1091 2626 illm
1103 2593 1190 2638 voces,

127 2651 182 2703 teris
192 2651 303 2722 quidem
318 2654 477 2705 animalibus
491 2652 634 2706 discrimen
676 2653 730 2703 alia
741 2656 818 2715 vires,
833 2670 921 2722 neque
936 2665 1037 2704 exstent
1049 2654 1077 2704 in
1087 2655 1153 2723 Reg.
1165 2673 1188 2714 ι,

127 2731 218 2783 ossium
234 2733 347 2785 Veteres
372 2731 510 2785 credidere
528 2732 633 2784 nullum
662 2751 713 2794 fa,
728 2731 809 2783 Paris.
828 2732 953 2802 aliisque,
968 2744 996 2783 et
1013 2732 1114 2803 alioqui
1123 2722 1191 2786 natu

127 2827 187 2874 esse,
202 2811 256 2864 sive
269 2812 298 2864 in
311 2813 399 2865 lucem
416 2810 497 2864 modo
513 2811 633 2883 prodita,
676 2809 817 2863 videantur
830 2830 861 2863 ex
877 2812 965 2882 inepta
980 2814 1141 2881 repetitione
1153 2832 1191 2865 se·

128 2888 176 2943 sire
189 2891 218 2942 in
234 2893 397 2945 senectutem
416 2904 566 2962 vergerent;
586 2891 635 2943 soli
676 2892 828 2960 quentium,
845 2905 872 2943 et
883 2890 957 2960 quod
970 2905 1050 2961 caput
1061 2903 1114 2957 est,
1128 2910 1190 2960 per·

128 2967 223 3032 bomini
236 2972 362 3042 sinciput,
368 2971 503 3042 principio
516 2971 635 3022 mollissi·
676 2989 756 3041 quam
771 2989 807 3022 eac
819 2970 858 3021 ibi
870 2970 960 3022 otiosus
968 2970 1032 3023 sint:
1041 2989 1125 3043 quum
1139 2984 1190 3023 ter·

128 3064 209 3106 mum,
228 3069 285 3102 non
298 3051 351 3103 nisi
362 3051 446 3102 multa
456 3064 529 3103 aetate
547 3048 633 3101 obdu·
676 3050 769 3102 restria
790 3051 912 3101 animalia
938 3050 1108 3120 pernicitate,
1130 3069 1191 3103 ares

128 3145 231 3182 tessere.
247 3130 415 3193 Aristoteles,
429 3130 495 3183 Hist.
517 3130 633 3182 Animal.
677 3130 766 3181 volatu
784 3130 909 3199 praepeti,
924 3142 1013 3182 natatu
1026 3131 1128 3200 pisces,
1141 3149 1190 3200 op·

127 3204 170 3260 lib.
185 3209 258 3274 VII,
272 3227 332 3277 esp.
356 3226 403 3274 10,
415 3209 478 3274 edit.
501 3209 631 3278 graecolat.
676 3211 762 3280 posite
779 3222 805 3261 et
817 3208 924 3261 abunde
939 3211 1000 3262 satis
1015 3208 1167 3262 indicentur
1183 3227 1190 3260 :

128 3286 244 3358 Lngdnn.
262 3289 367 3340 Lernsr.
388 3291 461 3357 1590
482 3305 489 3340 ε
509 3293 564 3349 Τοῖς
590 3290 632 3358 μὲν
676 3307 726 3340 nos
747 3307 790 3341 eas
815 3287 916 3341 idcirco
943 3290 1135 3358 expunximus,
1161 3308 1191 3340 ac

128 3362 251 3429 ὦυᾶλλοις
265 3370 335 3429 ζώοις
349 3364 454 3438 οὐδεμία
465 3364 570 3439 dtnpcpit
583 3375 632 3420 τῶν
676 3367 882 3438 repudiavimus.
915 3369 1019 3421 Tullius
1052 3369 1188 3428 similiter,

126 3447 216 3504 iures,
228 3447 292 3499 ἀλλὰ
301 3450 389 3502 πάντα
398 3449 634 3518 τιτιλεσμέναγίνι-
677 3452 709 3499 de
717 3449 778 3500 Nat.
786 3451 867 3500 Deor.
876 3448 922 3499 lib.
932 3449 968 3511 ΙΙ,
976 3467 1034 3518 cap.
1045 3455 1060 3509 4
1065 3467 1080 3516 7
1091 3465 1097 3498 :
1108 3473 1119 3494 ι
1129 3448 1189 3499 Jam

127 3530 230 3586 rer-roic
237 3523 266 3581 di
275 3525 386 3588 παιδίοις
397 3529 424 3581 ri
435 3529 632 3600 βρέγμαλιυκὸν,
677 3528 800 3580 vernalia
817 3527 941 3580 animalia
958 3525 1120 3597 gradiendo,
1140 3527 1190 3580 alia

126 3605 165 3660 rel
175 3606 215 3676 tlt
234 3607 367 3677 πήγνυται.
389 3607 432 3660 Cl.
452 3608 509 3678 ipse
527 3609 633 3674 Noster,
678 3605 808 3677 serpendo
822 3606 855 3659 ad
866 3620 968 3678 pastum
982 3604 1127 3669 accedunt,
1140 3607 1191 3659 alia

127 3685 305 3758 lib.X1,cnp.
322 3682 430 3756 490⁴ss
622 3716 625 3720 *
678 3685 809 3750 volando,
832 3687 883 3739 alia
899 3685 1005 3749 nando,
1027 3699 1076 3738 etc.
1102 3711 1113 3731 υ
1134 3687 1191 3739 Ln-

163 3767 270 3835 47.Jam
282 3769 528 3838 morbi,totque‚etc.
541 3769 629 3820 Parm.
676 3768 727 3818 tius
754 3767 782 3818 in
800 3765 918 3818 editione
934 3765 1113 3829 Elzeviriana,
1139 3767 1191 3818 aba

126 3842 221 3912 editio,
233 3847 290 3898 Iam
303 3848 381 3899 morbi
398 3858 450 3909 tot,
467 3858 539 3917 atque
557 3848 630 3899 medi·
671 3850 724 3912 ire,
739 3848 789 3897 clia
802 3858 875 3908 aare,
896 3845 1018 3915 scripsit:
1035 3844 1143 3915 perinde
1160 3865 1190 3898 sc

126 3928 196 3988 sim
215 3927 302 3980 minus
316 3929 428 3980 sincere.
443 3926 531 3978 Secuti
543 3945 632 3979 sumus
677 3927 766 3977 sinon
783 3945 813 3978 ea
827 3945 877 3977 vox
895 3929 946 3986 ire,
961 3926 1110 3977 communis
1122 3926 1190 3977 foret

126 4003 225 4059 codices
236 4022 295 4061 ante
306 4007 464 4079 sppellstos.
480 4006 570 4058 llsnn.
675 4018 702 4057 et
720 4006 752 4057 iis
769 4023 884 4074 quorum
898 4004 1040 4072 perniciter
1058 4003 1190 4065 landetur,
