2692 4822
506 334 666 402 LIBER
693 332 781 398 VII.
1133 359 1175 431 17

126 501 189 545 cum
198 471 364 568 Gryphis,
383 468 528 537 ferarum
541 464 670 537 volueri
691 463 829 560 genere,
843 464 940 559 quale
957 467 1058 561 vulgo
1074 471 1176 540 tradi·

128 597 185 669 tur,
204 592 340 649 eruente
363 599 404 644 ex
422 571 584 644 cuniculis
602 596 738 655 aurum,
757 572 840 639 mira
856 572 1036 667 cupiditate
1054 590 1087 644 et
1101 577 1178 647 feris

131 684 388 767 custodientibus,
406 694 440 749 et
457 680 638 772 Arimaspis
656 678 876 773 rapientibus,
896 678 1010 767 multi,
1029 681 1086 749 sed
1109 707 1178 751 ma·

133 795 200 862 nime
236 791 379 861 illustres
412 784 622 856 Herodotus⁹
652 798 686 851 ct
719 785 863 853 Aristeas
884 783 908 807 ¹⁰
938 788 1179 858 Proconnesius

135 901 266 968 scribunt.
1098 980 1101 985 Δ

171 1008 268 1100 Super
282 1002 365 1073 alios
376 1014 486 1069 autem
504 999 809 1093 Anthropophagos
824 1000 979 1093 Scythas,
989 1001 1022 1067 in
1037 1002 1177 1095 quadam
1197 1021 1213 1073 3

87 1156 90 1168 .
138 1111 263 1180 convalle
272 1132 394 1203 magna
407 1107 491 1175 Imai
505 1106 645 1189 montis,
659 1107 750 1198 regio
764 1119 834 1188 est,
847 1131 920 1200 quae
934 1123 1076 1177 vocatur
1094 1109 1180 1177 Aba·

138 1216 264 1296 rimon¹¹,
285 1217 320 1284 in
342 1237 409 1309 qua
432 1211 597 1281 silvestres
619 1212 739 1279 vivunt
764 1212 933 1300 homines,
957 1216 1081 1283 aversis
1107 1231 1183 1310 post

138 1347 212 1392 cmra
228 1317 397 1419 plantis¹²,
420 1319 546 1388 eximiae
565 1316 764 1401 uelocitatis,
808 1320 906 1386 assim
923 1343 1000 1386 cum
1023 1320 1101 1389 feris
1125 1347 1182 1388 va·

138 1444 237 1519 gantos.
249 1432 322 1497 Hos
333 1428 369 1494 in
381 1424 446 1494 alio
459 1449 527 1493 non
542 1424 667 1518 spirare
678 1421 774 1492 caelo¹
792 1477 802 1511 ,
816 1423 957 1517 ideoque
970 1425 1010 1493 ad
1025 1426 1183 1496 finitimos
1290 1494 1295 1501 .

137 1609 177 1677 dis,
193 1627 220 1667 ut
235 1617 283 1677 fit,
298 1611 412 1665 alterum
430 1610 538 1663 oculum
556 1611 627 1661 clau·
715 1626 757 1661 ιο.
777 1609 888 1660 Aristeas
903 1610 1084 1663 Proconnesius.
1100 1614 1140 1664 De
1153 1631 1185 1665 eo

138 1689 184 1744 due
197 1694 312 1756 solitam,
326 1710 381 1762 quo
396 1689 494 1742 rectius
508 1688 628 1741 collima·
673 1688 700 1739 in
710 1700 847 1740 auctorum
858 1687 951 1741 Indice
967 1688 1089 1744 diximus.
1102 1692 1183 1744 Exeo

138 1782 184 1837 ret;
197 1786 221 1826 et
238 1783 382 1844 propterea
396 1767 528 1822 creditum
543 1786 629 1820 unum
672 1767 729 1820 haec
748 1765 839 1820 eadem
865 1764 1004 1840 descripsit
1029 1770 1183 1835 Pausanias,

138 1863 221 1904 unnim
234 1851 344 1905 oculum
357 1851 383 1901 ei
396 1848 496 1902 fuisse:
512 1847 628 1917 dpuScy·
671 1847 720 1899 lib.
743 1847 773 1912 I,
798 1847 827 1899 in
848 1847 951 1900 Atticis.
978 1849 1044 1900 Item
1075 1851 1184 1904 Ctesias.

139 1929 297 2003 thictlingua,
309 1947 381 1982 unum
392 1931 525 1998 :potencie
536 1927 629 1979 oculum
672 1927 776 1978 Iterum
786 1923 840 1978 vid.
853 1945 912 1997 sup.
921 1939 977 1980 not.
991 1947 1018 1998 7.
1030 1928 1064 1982 H.
1214 1988 1218 1995 ,

139 2026 219 2065 uuam.
236 2009 364 2082 Cyclopis
378 2007 411 2060 ab
430 2007 527 2078 Ulysse
544 2025 628 2059 exeoe·
715 2022 760 2058 11.
784 2006 927 2059 Abarimon.
947 2009 987 2061 Ita
1013 2009 1077 2078 Reg.
1101 2028 1131 2074 1,
1153 2029 1186 2075 a,

140 2089 270 2144 crdfabula
287 2090 321 2142 ab
339 2096 455 2141 Homero
473 2082 536 2138 ideo
551 2103 629 2138 exco-
674 2084 750 2138 colb.
762 2085 842 2137 Paris.
854 2120 863 2149 ,
875 2099 925 2139 etc.
938 2086 1030 2140 Chiffl.
1044 2088 1186 2143 Abarimon.

140 2167 200 2236 girata
211 2183 259 2235 est,
274 2167 441 2231 induceret,
456 2183 562 2235 gravem
578 2165 629 2218 sibi
673 2164 764 2217 Hunc.

140 2247 246 2303 ultionem
261 2265 410 2311 accersere,
424 2245 472 2318 qui
490 2261 565 2297 sacra
579 2245 630 2296 ho·
716 2261 757 2296 xa.
767 2245 866 2296 Aversis
871 2257 928 2315 post
937 2265 1010 2296 crura
1017 2246 1119 2316 plantis.
1127 2248 1188 2300 Gel-

141 2326 196 2396 spitii
213 2331 271 2400 jura
295 2327 434 2380 violarent.
456 2323 518 2376 Non
543 2323 632 2393 potuit
673 2323 738 2388 lius,
752 2324 831 2378 Nost.
848 2323 932 2377 Attio.
945 2323 992 2376 lib.
1003 2327 1060 2389 IX,
1076 2345 1135 2397 cap.
1152 2333 1187 2390 A:
1271 2345 1276 2354 “

141 2403 221 2460 felicius
235 2421 281 2461 unt
299 2406 406 2477 aptius,
431 2420 511 2475 quam
529 2403 557 2455 in
576 2403 631 2475 Cy·
678 2429 689 2450 ι
704 2402 775 2468 Alii,
790 2402 968 2475 inquit,item
979 2404 1101 2459 homines
1116 2405 1189 2478 apud

141 2483 212 2556 clope,
230 2486 382 2558 exemplum
402 2483 483 2553 fingi,
504 2481 548 2535 cui
563 2500 632 2535 unus
675 2480 796 2534 eamdem
804 2483 860 2535 eceli
873 2483 1190 2554 plagam,singulurisve·

142 2574 225 2618 autum
239 2566 333 2620 oculus
348 2577 423 2617 esset.
437 2562 506 2615 Nam
522 2563 542 2614 si
555 2562 633 2614 binos
675 2560 804 2626 locitatis,
820 2562 928 2632 vestigia
946 2561 1046 2633 pedum
1063 2565 1189 2620 habentes

141 2641 305 2710 utercunon
314 2643 461 2715 potuissent
469 2642 505 2694 ob
514 2641 633 2712 corporis
675 2654 747 2693 retro
763 2653 899 2711 porrecta,
917 2659 973 2693 non
987 2655 1018 2695 ut
1033 2657 1189 2698 ceterorum

141 2725 306 2790 proceritatem
320 2723 399 2775 ambo
411 2721 436 2774 ei
448 2721 527 2773 simul
537 2719 633 2786 effodi,
676 2720 830 2785 hominum,
843 2723 1046 2793 prospectantia.
1059 2750 1070 2770 .
1085 2725 1189 2777 Horum

141 2802 221 2857 eueher
228 2805 252 2858 ei
262 2804 324 2858 satis
330 2801 422 2856 luisset
430 2798 465 2854 ad
473 2799 634 2871 detegendos
677 2800 781 2852 iconem
796 2799 857 2853 vide
876 2801 947 2873 apud
963 2799 1075 2857 Aldrov.
1094 2804 1141 2857 lib.
1155 2801 1189 2856 de

141 2899 284 2950 percussores
302 2900 311 2936 ε
327 2900 379 2935 nec
397 2879 507 2934 evadere
525 2876 635 2951 Ulysses
677 2879 816 2945 Monstris,
830 2899 889 2952 pag.
908 2883 953 2935 15.
964 2882 1089 2948 Meminit
1110 2897 1136 2936 et
1154 2880 1200 2935 D!

142 2977 166 3011 ex
176 2962 283 3032 ejusdem
298 2962 421 3016 manibus
432 2959 569 3031 potuisset.
583 2962 635 3030 Cy·
678 2959 815 3030 Augustin.
828 2958 861 3011 de
869 2960 949 3013 Civit.
960 2961 1022 3022 Dei,
1030 2962 1077 3014 lib.
1086 2964 1190 3028 XXVI,

123 3108 125 3112 Ι
142 3040 202 3111 elops
215 3062 295 3114 greca
312 3052 426 3106 vescet,
437 3041 505 3094 lacta
519 3057 534 3090 e
548 3039 634 3101 κύκλος
678 3058 736 3109 cap.
754 3039 781 3091 8.
795 3039 886 3093 Hanc.
1145 3063 1150 3077 ⁷

143 3130 164 3170 et
173 3121 204 3191 clla
214 3140 221 3175 ε
233 3142 282 3176 nec
291 3139 354 3176 eum
368 3119 511 3190 significat,
525 3118 567 3170 cui
577 3118 635 3170 uni·
721 3115 766 3170 13.
780 3119 834 3170 Hos
850 3123 875 3170 in
888 3121 937 3171 allo
949 3140 997 3172 non
1012 3125 1104 3191 spirare
1121 3124 1189 3174 coelo.

142 3214 179 3251 cus
194 3216 230 3255 est
245 3202 353 3266 oculus,
372 3198 418 3252 sed
438 3199 483 3251 cui
503 3210 566 3250 sunt
580 3196 635 3250 duo
680 3199 780 3250 Iterum
793 3197 862 3251 hene
879 3217 910 3251 ac
927 3212 1001 3253 caute
1017 3201 1143 3265 viatores,
1156 3222 1190 3253 ne

142 3279 250 3347 rotundi,
269 3299 320 3334 nec
341 3291 401 3350 apte
421 3278 483 3330 fissi.
503 3277 543 3328 Ut
564 3277 636 3329 hunc
678 3275 1191 3335 fidecareretmendacium.Cuvmn.-

143 3369 215 3412 autem
228 3361 373 3432 Cyclopem
388 3358 470 3428 magis
479 3356 636 3408 horrificum
680 3357 761 3408 Notat
779 3356 831 3409 hoc
844 3360 1026 3428 sagacissimus
1039 3361 1190 3413 locoPour·

144 3435 232 3504 laceret,
246 3440 326 3492 unius
336 3438 407 3491 oculi
417 3449 493 3508 poeta
504 3435 636 3505 gigantem
680 3453 772 3493 siner,
790 3435 819 3488 id
835 3438 955 3491 miraculi
971 3437 1005 3491 ad
1020 3441 1133 3512 opticen,
1155 3439 1192 3492 sic

143 3513 213 3570 fluxit.
226 3519 315 3572 Hunc.
681 3516 768 3579 aiunt,
785 3515 872 3569 lusum
891 3517 983 3571 reduci
1003 3538 1090 3588 posse3
1111 3538 1191 3590 quem

175 3615 199 3664 9.
210 3599 341 3651 Maxime...
350 3596 497 3648 Herodotus.
507 3595 589 3646 Libro
595 3595 638 3646 ΙΙΙ
681 3594 751 3646 enim
760 3607 909 3648 currentem
916 3597 1193 3670 eminusudspicimus,

145 3666 249 3742 (Thalia),
260 3697 336 3731 num.
348 3675 553 3739 11o‚etlib.1v
563 3671 639 3735 (Mel
681 3673 744 3725 huic
757 3687 829 3726 retro
845 3694 947 3729 versam
962 3679 1078 3748 plantam
1095 3677 1193 3746 videri,

146 3748 223 3825 pout),
232 3776 305 3810 num.
317 3756 351 3809 13
360 3795 368 3820 ,
377 3756 430 3807 hoc
438 3754 523 3825 ipsum
534 3772 596 3806 sane
606 3771 638 3804 ex
682 3754 718 3805 ita
729 3765 761 3805 ut
772 3752 806 3805 ad
819 3757 946 3825 posticam
956 3758 1041 3809 cruris
1052 3771 1153 3827 partem
1167 3773 1193 3812 et

147 3831 412 3890 Aristeal‘coconnesio
419 3831 574 3886 recitat:sed
583 3833 639 3904 ipse
684 3852 756 3885 suras
771 3847 886 3904 spectet3
904 3836 941 3887 ibi
960 3855 1043 3904 porro
1064 3836 1098 3890 de
1116 3851 1192 3910 gente

148 3908 261 3968 inlabulis
268 3928 366 3970 censet.
373 3913 439 3983 vidi.
451 3931 529 3984 supra
543 3925 599 3965 not·
612 3931 639 3982 7,
683 3930 831 3965 sermonem
852 3932 906 3966 esse
926 3916 1000 3967 mirae
1014 3917 1205 3987 pernicitatist

149 3989 236 4048 subfiu,
254 3997 372 4048 Caeterum
385 3994 534 4054 Herodorus,
550 3992 637 4044 etc.H.
684 3991 755 4062 quod
772 3995 907 4063 φαινομένῳ
922 3997 1053 4049 convenit.
1066 4001 1113 4050 As.

192 4103 251 4170 HI.
1015 4130 1035 4173 2
