2692 4822
115 418 181 475 filiae
194 433 253 475 suae
266 414 388 474 interitu
402 433 498 493 nuper
509 433 678 492 oppressus,
686 433 775 492 quem
785 411 899 472 dudum
908 413 1007 472 animo
1020 413 1197 493 intelligens,

115 515 242 574 maxime
255 527 354 572 tamen
364 511 593 572 exhorrescebat
606 532 640 570 ac
656 511 887 590 deprecabatur,
897 510 1052 571 insanabili
1065 511 1200 572 orbitatis

115 615 238 672 vulnere
255 613 395 670 afflictum
411 611 539 670 erexerit
552 611 699 684 animum,
721 623 751 668 et
768 610 885 669 tandem
902 629 1068 688 compresso
1082 623 1200 670 utcum-

115 730 174 788 que
188 711 260 768 fletu
273 707 351 767 inter
366 707 587 765 condolentium
602 708 764 785 lacrymas,
784 707 910 766 Plinium
920 708 922 712 ’
931 720 1066 766 nostrum
1089 707 1200 766 auxilio

115 826 169 865 suo
186 827 247 865 non
263 805 461 878 fraudaverit,
485 806 651 864 necessario
666 825 735 864 sune
753 818 782 863 et
795 805 826 863 in
842 805 944 884 primis
966 804 1098 864 notabili.
1122 809 1200 864 Nam

44 964 47 968 Α
115 905 239 976 Plinius,
257 904 331 962 levis
355 903 386 960 in
408 901 581 976 scribendo,
598 916 629 961 et
646 923 747 962 rerum
765 903 863 962 minus
883 902 1062 976 observator,
1079 902 1200 962 sedulus

57 1010 60 1019 '
114 1022 203 1081 quam
217 1013 351 1059 narrator
364 999 450 1058 nimis
464 1001 618 1074 credulus,
643 1002 668 1059 si
688 1021 749 1059 non
767 1021 802 1059 ea
820 1001 929 1059 omittit
944 1021 1009 1079 quae
1027 1000 1064 1059 ab
1080 1015 1199 1060 antece-

115 1099 252 1158 dentibus
268 1099 383 1176 prolata
396 1112 479 1170 sunt,
494 1099 598 1178 saepius
609 1112 688 1159 certe
702 1100 803 1158 eadem
817 1097 872 1157 sub
889 1083 1012 1157 diversis
1026 1098 1198 1158 nominibus

115 1209 234 1276 crepat,
249 1208 352 1273 atque,
369 1209 403 1253 ut
417 1196 513 1268 aiunt,
531 1197 693 1255 revolvitur
708 1195 754 1254 bis
776 1197 807 1253 in
829 1194 917 1254 idem.
940 1197 1199 1275 Nomenclaturam

116 1308 146 1354 et
160 1296 348 1373 synonymias
362 1294 526 1352 felicissime
540 1296 650 1353 excutit
663 1295 710 1352 vir
726 1294 838 1366 clarus3
856 1314 911 1352 nec
927 1312 995 1351 raro
1010 1293 1087 1352 intra
1099 1293 1198 1352 brevis

84 1427 87 1431 ν
115 1407 193 1450 notae
209 1392 355 1471 angustias
368 1391 418 1450 illa
433 1392 591 1468 congessit,
613 1411 678 1470 quae
693 1391 725 1448 in
740 1392 876 1449 volumen
889 1411 950 1448 non
969 1390 1122 1449 sordidum
1139 1410 1199 1469 po-

117 1502 214 1548 terant
226 1508 410 1561 excrescere,
427 1501 458 1548 et
473 1509 539 1567 quae
553 1489 655 1567 gallice
670 1487 707 1547 ab
721 1490 786 1566 ipso
803 1489 912 1566 scripta
926 1508 981 1547 nos
995 1489 1097 1549 fideles
1111 1488 1198 1547 disci·
1228 1482 1231 1490 '⁴

120 1587 184 1665 puli
197 1587 339 1645 latinitate
353 1585 534 1645 donavimus.
604 1595 606 1599 '

157 1687 191 1754 1¹4⁰
208 1685 255 1743 Ad
275 1687 382 1742 calcem
399 1684 559 1757 librorum,
583 1704 620 1742 ne
635 1683 702 1761 plus
720 1703 804 1762 aequo
825 1682 1036 1742 luxuriantium
1060 1697 1198 1743 notarum

115 1784 207 1839 moles
222 1781 414 1854 exuberaret,
431 1802 479 1840 eas
495 1801 560 1860 quae
576 1782 710 1859 paginam
725 1794 816 1839 totam
835 1781 933 1840 denuo
948 1782 1095 1839 invasurae
1112 1780 1198 1840 vide-

115 1879 232 1951 bantur,
247 1883 431 1937 Excursuum
447 1881 522 1951 vice,
535 1878 676 1936 diatribas
688 1879 866 1950 remisimus,
879 1898 1004 1957 quarum
1019 1879 1118 1936 multae
1134 1892 1197 1938 tum

115 1996 133 2034 a
147 1975 276 2054 pristinis
291 1975 471 2047 editoribus,
491 1988 552 2033 tum
571 1996 589 2032 a
603 1974 771 2034 doctissimo
786 1979 903 2034 Cuvrnn
916 1989 1088 2048 manarunt3
1107 1991 1196 2036 caete-

116 2093 214 2131 rarum
230 2092 283 2130 nos
297 2086 430 2131 auctores
445 2072 616 2130 exstitimus.

586 2243 757 2302 AJASSON
781 2246 834 2302 DE
858 2245 1133 2304 GRANDSAGNE.
