2692 4822
516 369 677 440 LIBER
712 368 799 440 Vll.
1144 372 1192 447 33

124 504 199 574 loco
221 503 386 572 foramina
412 514 541 570 tantum
563 501 759 584 habentem,
777 503 934 596 anguium
953 505 1054 573 modo
1077 506 1196 603 loripe-

125 610 344 697 dem,vocari
358 607 530 700 Scyritas².
543 608 593 676 Ad
611 622 776 677 extremos
790 607 872 676 fines
889 609 992 679 lndiae
1007 612 1050 679 ab
1070 616 1197 685 oriente

126 719 215 785 circa
232 716 358 783 iontem
376 715 517 806 Gangis,
532 716 745 783 Astomorum
764 729 915 809 gentem,
929 717 998 784 sine
1014 705 1103 803 ore³,
1119 744 1197 789 cor-

128 848 208 916 pore
228 836 302 890 toto
324 820 447 887 hirtam
466 822 578 888 vestiri
597 820 764 889 fr0ndium
790 810 976 914 lanuginel,
992 822 1098 892 halitu
1125 841 1197 894 tan-

128 945 197 997 turn
221 930 408 1012 viventem,
427 939 460 994 et
480 925 582 994 odore
605 952 704 1021 quern
723 927 859 995 naribus
880 915 1041 996 trahant-⁵.
1059 929 1197 1000 Nullum

129 1165 204 1224 riter,
224 1160 275 1214 lib.
297 1162 339 1224 ll,
352 1180 413 1233 pag.
431 1180 482 1231 70,
496 1160 586 1214 laudat
597 1180 643 1214 aa·
694 1162 757 1214 Haec
771 1148 886 1225 Solinus,
897 1181 957 1235 cap.
966 1183 1016 1216 arr.
1028 1165 1198 1218 :latomorum
1250 1197 1260 1217 ·

129 1256 245 1305 ctorem,
268 1239 368 1294 sedita
387 1252 418 1293 ut
430 1240 511 1293 fldem
527 1243 552 1294 ei
565 1241 645 1294 dero·
688 1241 792 1294 iconem
801 1242 908 1294 exhibet
915 1241 1076 1298 bldrovdil).
1085 1245 1200 1298 delllon·

130 1321 243 1391 gandam
258 1320 435 1391 censeattqui
450 1322 645 1382 ἰνωτνκοίταςὶυ
688 1321 765 1384 stris,
777 1331 836 1392 pag.
852 1325 879 1374 6.
898 1321 988 1375 liano.
1003 1325 1199 1395 -8ινιιι1ιορο·

131 1401 386 1464 auribuscnbantes‚
397 1403 519 1471 ἀστόμους
526 1401 568 1453 καὶ
579 1401 647 1472 alipr-

131 1501 169 1541 νας
191 1499 240 1532 ore
262 1480 424 1550 naribusque
437 1493 574 1557 carentes,
595 1502 643 1552 μο-

131 1560 278 1630 νεροάλμουξ
302 1559 449 1622 unoculus,
472 1564 645 1630 μακροσκνλεῖς

132 1638 302 1710 longipedes,
330 1635 551 1701 ὄπισθοδανιτύλους
570 1659 645 1693 aver·

133 1718 163 1771 sis
174 1718 303 1789 praeditos
323 1715 427 1787 digitis,
442 1719 556 1790 aliasque
571 1721 645 1790 ejus-

134 1797 205 1851 modi
216 1817 300 1868 nugas
307 1795 463 1862 venditarit,
472 1817 501 1850 ac
508 1799 646 1870 Pygmaeo·

133 1897 189 1930 rum
205 1877 377 1948 τρισπιθάμων
393 1877 507 1930 fabulam
523 1879 647 1931 Homeri·

134 1975 187 2010 ram
202 1955 374 2019 instaurarit,
389 1969 415 2008 et
424 1957 600 2027 amplificarit.
611 1959 646 2013 H.

134 2038 272 2089 -Strabo
283 2038 437 2105 Amycteras
452 2039 507 2089 ἄνιυ
518 2039 645 2109 μυκτήρων

135 2129 222 2182 vocat,
232 2114 376 2184 omniaque
388 2128 414 2168 et
424 2115 505 2168 cruda
517 2136 648 2185 comesse,

138 2215 228 2266 parum
239 2195 343 2256 vivere,
356 2208 416 2247 ante
428 2209 649 2248 senectutemmo·

688 1400 757 1454 des...
774 1400 911 1474 Scyritas...
925 1401 1078 1454 Artemonem
1097 1416 1199 1474 gentem.

689 1479 795 1532 Fabulae
801 1497 887 1537 merae,
896 1499 982 1552 neque
993 1499 1024 1533 ex
1042 1483 1075 1535 iis
1086 1502 1144 1554 quer
1155 1504 1200 1536 ex-

686 1559 781 1630 plicari
793 1560 849 1611 ullo
859 1558 942 1612 modo
954 1576 1060 1632 queant.
1078 1564 1200 1615 Cuvraa.

730 1646 755 1703 4.
772 1639 904 1690 Frondium
924 1640 1045 1709 [aurigine.
1067 1643 1126 1694 Hoc
1145 1655 1200 1707 est,

689 1719 804 1769 vestibus
818 1738 833 1770 e
847 1716 982 1771 frondium
998 1721 1121 1792 lanugine
1137 1741 1201 1774 con·

690 1798 781 1862 textis,
793 1796 1019 1869 quemadmodum
1032 1801 1140 1853 uberius
1155 1819 1200 1853 ex·

689 1877 815 1946 plicatum
841 1890 895 1945 est,
917 1879 964 1930 lib.
989 1878 1044 1937 VI,
1068 1899 1127 1951 cap.
1157 1901 1200 1934 ao.

690 1955 812 2010 Ridicule
835 1957 949 2022 Gellius,
962 1970 1008 2009 aut
1024 1959 1136 2011 obscure
1155 1959 1202 2013 ad·

690 2035 801 2088 modum
817 2050 856 2090 est
868 2038 989 2099 locutus,
1003 2056 1086 2107 quum
1106 2038 1140 2091 de
1161 2040 1204 2092 bis

689 2120 776 2184 agens,
789 2118 962 2187 «corporibus
974 2117 1052 2169 hirtis
1061 2130 1115 2170 esse·
1122 2116 1204 2183 dixit,

691 2194 778 2246 arium
791 2197 844 2248 ritu
860 2196 1043 2265 plamantibtrs
1055 2223 1065 2242 ν
1082 2198 1151 2249 :nisi
1168 2195 1202 2250 de

104 2407 108 2413 ,
136 2356 195 2408 bere
208 2353 300 2407 tradit.
315 2354 416 2406 Dsaac.

135 2277 170 2341 ri,
180 2274 303 2348 superins
312 2274 418 2326 labrum
432 2275 590 2328 eminentius
598 2277 646 2328 ha·
689 2286 761 2326 veste
772 2276 901 2345 plumanti
913 2275 994 2328 serica
1009 2276 1148 2346 intelligas.
1167 2277 1203 2331 H.

733 2354 758 2408 5.
784 2355 874 2407 Halitu
893 2366 985 2406 tantum
997 2388 1123 2403 ·······
1135 2377 1202 2427 quem

173 2454 199 2486 a.
218 2433 336 2507 Scyritas.
354 2434 395 2486 Ita
408 2434 485 2488 MSS.
497 2453 606 2499 omnes,
623 2449 648 2488 et
691 2435 788 2486 naribus
803 2434 915 2494 trabant,
931 2448 979 2487 etc.
989 2434 1059 2504 Lege
1069 2434 1119 2486 lrac
1130 2434 1163 2488 de
1173 2455 1204 2487 re

138 2512 263 2567 editiones
270 2524 379 2566 vetustae
393 2526 454 2565 ante
464 2515 649 2580 Hermolaum,
692 2511 862 2577 Strabonem,
877 2515 924 2566 lib.
939 2515 1002 2576 XV,
1015 2532 1046 2565 ex
1061 2513 1204 2567 Onesicriti

136 2594 180 2662 qui
193 2604 265 2646 recte
284 2610 311 2644 se
326 2608 455 2663 reponere
472 2591 587 2646 credidit
600 2593 648 2667 Sy·
691 2592 828 2645 sententia.
841 2591 1088 2663 Rhodiginusbunc
1099 2593 1205 2658 locum,

137 2676 222 2737 rictus,
241 2692 275 2724 ex
292 2671 377 2723 Solini
393 2672 561 2737 testimonio,
574 2673 647 2744 quod
690 2671 729 2723 lib
742 2672 845 2735 XXIV,
859 2690 916 2741 cap.
935 2688 984 2736 ar,
999 2691 1031 2724 ex
1045 2672 1154 2725 Platone
1165 2675 1206 2725 in·

138 2753 176 2804 vir
188 2771 299 2822 magnus
309 2751 408 2803 cursim
426 2754 575 2823 raptimque
587 2771 649 2823 per·
692 2760 859 2822 terpretatur.
873 2751 945 2803 Dicit
961 2764 1049 2803 autem
1069 2753 1096 2803 in
1114 2751 1206 2804 calidis

137 2849 321 2895 currens,nec
333 2830 402 2882 vidit
413 2831 447 2883 ad
460 2835 582 2890 Astomos
591 2849 649 2903 per·
692 2831 844 2900 regionibus
865 2850 895 2883 ac
918 2829 1059 2884 odorlicris
1083 2831 1205 2884 homines

137 2912 217 2963 tinere
239 2906 291 2972 (de
312 2910 409 2981 quibus
430 2909 548 2982 postea),
569 2925 595 2964 et
614 2905 648 2964 ad
691 2904 849 2981 plerumque
873 2929 928 2962 esse
953 2910 1044 2981 gracili
1072 2924 1205 2982 corpore,

138 3003 254 3059 gentem,
265 2988 299 3041 de
313 3007 365 3059 qua
378 2991 494 3060 agimus,
507 3010 589 3062 prave
601 2989 648 3044 de·
693 2989 764 3040 tenui
778 2989 839 3042 cibo
851 3009 881 3042 ac
894 3008 969 3059 paene
985 2989 1080 3054 nullo,
1093 3009 1125 3041 ex
1141 2989 1207 3042 odo·

139 3069 218 3121 torsit.
235 3069 293 3121 Nec
311 3087 372 3121 saue
389 3069 491 3121 felicior
505 3071 648 3122 Salmasius
692 3068 766 3119 ribus
785 3068 836 3132 ali,
857 3081 883 3120 et
904 3068 989 3139 ipsam
1012 3081 1132 3122 naturam
1152 3070 1206 3122 loci

139 3149 194 3215 fuit,
203 3149 251 3220 qui
264 3148 353 3219 Syrtes
364 3148 437 3218 legit,
453 3148 502 3200 ἀπὸ
514 3154 557 3201 τοῦ
568 3150 647 3219 σύρειν
691 3147 834 3198 herbarum
844 3159 870 3199 et
877 3148 1081 3218 frugumsuccos
1087 3147 1207 3219 redigere

139 3229 170 3279 rb
184 3225 258 3280 redde.
272 3229 367 3298 Neque
380 3228 451 3279 enim
466 3227 560 3280 indicat
575 3228 648 3281 vocis
692 3227 721 3293 in
738 3224 847 3290 odores,
870 3239 896 3280 et
916 3226 1092 3279 humanorum
1110 3247 1207 3299 corpo-

140 3308 188 3359 ulla
209 3327 224 3359 e
244 3327 329 3377 graeco
355 3307 428 3358 fonte
444 3306 556 3378 petenda
577 3306 648 3360 deri·
692 3324 752 3356 rum
768 3307 892 3358 humores
904 3307 931 3358 in
946 3307 1053 3376 spiritus
1066 3309 1205 3359 resolvere.

140 3388 204 3439 ratio
225 3399 284 3439 est:
304 3401 331 3439 et
352 3385 436 3437 cuivis
455 3399 552 3461 attente
568 3386 650 3438 Plinii
692 3381 1209 3456 Quumigituruterque(odorvidelicet,

141 3465 411 3536 mentemindagato,
426 3467 535 3518 naribus
560 3485 650 3519 caren-
695 3482 725 3515 ac
745 3456 864 3533 spiritns)
882 3466 915 3517 sit
933 3484 1016 3536 vapor
1036 3464 1159 3535 quidam,
1182 3476 1209 3520 et

141 3558 189 3610 tes,
203 3546 255 3597 hoc
266 3559 319 3610 est,
330 3546 441 3616 ἄρρινας,
454 3547 610 3615 ἀμὺκτηρας,
621 3558 652 3596 ut
697 3543 781 3595 simile
796 3544 876 3596 simili
891 3545 1031 3606 nutriatur,
1043 3544 1170 3594 nimirum
1182 3554 1209 3594 et

142 3624 231 3677 Strabo
240 3638 327 3689 vocat,
335 3626 353 3677 l.
363 3626 415 3676 XV
422 3617 489 3691 (vid.
498 3638 553 3677 not.
565 3622 653 3688 1fin.),
697 3622 802 3694 spiritns
809 3663 816 3687 ,
824 3626 870 3693 qui
882 3625 1002 3694 spiritum
1018 3622 1102 3684 ducit,
1115 3621 1208 3686 bomo,

143 3705 251 3756 voluisse
270 3724 332 3757 eum
349 3703 499 3756 describere
519 3705 572 3757 hoc
591 3705 652 3758 loco
697 3700 843 3772 plurimum
854 3701 983 3754 odoribus
996 3701 1091 3770 accipit
1100 3701 1209 3753 alimen-

143 3785 285 3849 constabit;
300 3803 384 3855 quum
395 3796 421 3834 et
433 3783 652 3854 sequentes,quia
699 3796 763 3833 turn.
784 3781 838 3845 Qui
857 3781 960 3852 scripsit
980 3780 1089 3830 Homeri
1111 3781 1211 3847 viram,

144 3880 186 3913 ore
209 3877 328 3928 careant,
358 3865 480 3915 Astomos
503 3863 653 3933 appellarit.
698 3873 787 3912 narrat
800 3861 932 3913 malorum
947 3856 1030 3909 odore
1041 3873 1210 3930 prorogatam

146 3941 233 3994 lirun]
699 3941 722 3991 ei
737 3937 892 4010 aliquandiu
903 3937 993 3989 vitam.
1002 3937 1211 4010 olympiodorus

182 4022 206 4073 3.
229 4023 386 4077 Astomorum
404 4024 518 4092 gentem,
539 4027 588 4076 sine
606 4044 654 4076 orie.
700 4037 731 4070 ex
744 4018 884 4069 Aristotele
897 4015 1034 4068 historiam
1051 4019 1113 4070 citat
1124 4022 1211 4088 cujus·

194 4136 263 4201 III.
1031 4127 1051 4197 3
