2692 4822
527 300 686 395 tinnit
714 328 803 394 vu.
1157 353 1201 424 19

180 465 301 532 Crates
329 463 554 553 Pergamenus
594 463 628 529 in
658 457 875 552 Hellesponto
902 457 1021 528 circa²⁰
1051 463 1233 548 Pariutn,5

125 593 235 662 genus
257 567 431 637 homiuum
457 566 556 635 fuisse
578 566 696 652 tradit,
717 590 802 659 quos
825 564 1069 659 Ophiogenes²¹
1086 585 1204 656 vocat,

127 677 334 769 serpentium
356 675 442 742 ictus
464 686 620 742 contactu
640 671 749 741 levare
771 671 902 756 solitos,
923 687 957 741 et
976 696 1077 742 manu
1097 675 1203 768 impo-

128 783 193 849 sita
206 805 335 849 venena
349 779 524 848 extrahere
539 781 682 873 corpori.
694 775 833 847 Varro²²
849 777 1029 847 etiamnum
1042 803 1113 848 esse
1123 805 1203 874 pau-

129 913 188 955 cos
206 887 270 972 ibi,
289 911 433 980 quorum
454 884 564 957 salivae
585 900 701 954 contra
721 886 807 954 ictus
822 885 1024 1014 serpentium
1046 885 1204 954 medean-

131 1008 195 1062 tur.
211 992 332 1062 Similis
343 1007 377 1061 et
393 993 426 1059 in
446 991 559 1061 Africa
571 1017 651 1086 gens
665 989 867 1084 Psyllorum²
897 990 974 1078 tuit,
989 1005 1025 1058 ut
1039 993 1205 1085 Agathar-

135 1214 160 1254 et
189 1198 337 1265 creditum,
364 1199 469 1269 iuquit,
489 1200 654 1252 Sauromatas
699 1217 757 1269 quae
779 1210 906 1268 potestate
926 1217 971 1250 sua
990 1200 1069 1270 longe
1090 1203 1208 1271 majora:

136 1280 181 1350 qui
209 1281 277 1332 ultra
312 1280 505 1350 Borysthenem
540 1278 653 1331 fluvium
699 1291 755 1329 tum
769 1276 859 1329 solitos
872 1295 977 1342 omnes,
992 1291 1022 1330 ut
1032 1279 1210 1350 populodent

137 1360 211 1429 longe
225 1360 334 1425 colunt,
356 1359 446 1411 cibum
466 1375 570 1410 sumere
589 1376 656 1410 sem·
698 1358 791 1420 verba,
805 1370 938 1427 serpentes
956 1376 1044 1410 secum
1063 1359 1131 1412 ferre
1151 1362 1211 1432 qui·

140 1457 184 1507 per
196 1437 291 1492 diebus
303 1438 401 1498 tertiis,
415 1435 505 1490 medio
516 1437 654 1491 abstinere.
698 1436 747 1489 bus
759 1436 920 1489 exarmatum
933 1456 962 1488 os
972 1436 1053 1489 dente
1067 1438 1211 1506 vulnifico,

143 1517 223 1570 Hmn.
698 1528 725 1568 et
740 1514 862 1568 dictitare
885 1534 916 1568 ex
934 1517 1048 1587 imperio
1070 1536 1165 1571 arcano
1181 1520 1211 1574 id

181 1615 222 1648 20.
243 1597 318 1649 Circa
340 1598 458 1661 Parium,
481 1615 556 1664 genus
579 1599 653 1647 homi·
698 1595 749 1647 sibi
763 1613 915 1647 concessum
928 1597 992 1664 juris
1004 1608 1034 1648 ut
1049 1597 1161 1667 impune
1173 1600 1211 1653 fe·

148 1695 195 1726 uum
204 1677 280 1741 fuisse
302 1676 397 1739 tradit,
414 1695 490 1746 quos,
504 1689 553 1729 ete.
574 1674 655 1746 Apud
698 1693 755 1726 ram
768 1686 889 1727 tractent.
904 1677 936 1726 In
947 1677 1063 1746 AEgypto
1076 1677 1211 1748 praecipue

150 1754 301 1808 Priscianum
319 1757 425 1818 Varro,
440 1748 526 1807 titul
554 1757 655 1809 Rerum
698 1771 790 1806 omues
803 1771 879 1823 nugae
887 1768 1089 1823 permanserunt
1097 1775 1210 1828 quarum

152 1831 342 1886 Humanarum:
362 1861 375 1882 ι
389 1835 428 1886 Ut
448 1834 548 1886 habent
567 1833 654 1899 Parii,
699 1833 973 1897 Veteresmeminere3
983 1834 1083 1904 qualis,
1097 1839 1211 1908 exempli

154 1912 192 1982 qui
220 1927 346 1967 vocantur
381 1903 535 1984 ὀφιογινιῖς,
568 1926 594 1967 et
625 1913 655 1965 in
697 1911 795 1982 gratia,
810 1912 832 1964 is
844 1931 900 1964 mos
911 1925 940 1965 ut
952 1914 1068 1982 serpenti
1083 1915 1111 1966 in
1125 1934 1155 1968 os
1170 1917 1211 1970 in·

157 1992 228 2046 Africa
243 1994 361 2065 Psyllos:
372 2012 487 2063 quorum
503 1982 655 2063 ὁμογενεῖς,
697 2003 801 2063 spuant.
818 1991 926 2044 Norunt
939 2005 966 2044 et
980 2011 1094 2062 anguem
1113 1994 1211 2049 immo·

158 2088 223 2139 quum
243 2073 407 2125 arbitrantur
424 2072 593 2144 suppositum
607 2073 654 2124 ali-
698 2085 755 2125 tum
770 2084 876 2133 tenere,
888 2070 953 2125 dum
969 2072 1009 2124 illi
1027 2073 1157 2127 cervicem
1175 2076 1211 2129 ita

160 2167 222 2217 quem
236 2171 289 2204 esse
304 2153 333 2203 in
348 2152 446 2221 stirpe,
463 2152 487 2203 ei
499 2150 654 2217 admovent,
696 2162 833 2221 premunt,
844 2163 872 2201 ut
885 2151 1000 2222 paralysi
1012 2151 1126 2222 quadam
1138 2155 1212 2208 labo-

162 2241 183 2280 ut
192 2244 295 2302 pungat,
306 2221 453 2284 colubram.
462 2231 554 2294 Quum
566 2250 655 2301 pupu·
698 2243 746 2283 ret.
763 2231 802 2283 Ea
813 2240 852 2281 est
862 2231 968 2283 colubri
981 2231 1009 2282 in
1023 2232 1147 2285 baculum
1155 2252 1212 2287 mu-

162 2310 227 2375 gerit,
241 2311 261 2362 si
277 2307 311 2363 de
326 2328 423 2382 genere
435 2310 485 2374 sit,
505 2310 594 2362 vivere
610 2327 617 2361 :
632 2311 655 2363 si
698 2309 774 2371 tatio;
794 2327 856 2360 mox
877 2310 973 2361 iterum
986 2311 1089 2364 moveri
1106 2313 1213 2377 sinunt,

162 2389 259 2452 nonsit,
272 2380 380 2442 moris·
399 2391 432 2440 ln
445 2387 559 2442 eodem:
579 2414 590 2435 e
602 2387 655 2442 Ad·
697 2384 859 2458 baculusque
873 2386 961 2441 denuo
976 2389 1007 2441 fit
1020 2390 1125 2459 anguis,
1143 2391 1212 2445 utde

164 2480 218 2519 nota
228 2469 293 2540 aspis
302 2488 386 2540 quum
394 2470 552 2539 pupugerit,
565 2468 587 2520 si
599 2488 654 2521 non
698 2467 780 2538 magis
804 2466 948 2521 Pharaonis
973 2482 1109 2533 narratur,
1127 2471 1212 2526 Exod.

163 2545 258 2612 occidat,
274 2550 339 2601 sciat
355 2568 386 2601 ex
406 2548 558 2616 Psyllorum
573 2549 655 2618 stirpe
699 2548 768 2608 VII,
788 2563 833 2599 11.
850 2547 969 2600 Cuvmn.

109 2636 110 2640 ’
164 2629 337 2681 emanaret.
350 2630 415 2679 Var.
426 2627 463 2691 ΙΙ,
476 2618 655 2690 clncelsus,
743 2645 788 2680 aa.
804 2626 894 2685 Varro.
913 2626 995 2679 Libro
1009 2628 1098 2697 primo
1112 2630 1212 2684 Rerum

164 2700 234 2772 libV,
248 2725 303 2778 cap.
320 2727 367 2778 27,
381 2707 417 2759 ait
428 2706 529 2776 Psyllos
540 2725 587 2759 ore
596 2707 655 2758 vul·
699 2706 901 2769 Humanarum,
929 2717 1038 2760 testante
1063 2708 1212 2774 prisciano,

164 2783 206 2833 ueri
214 2785 315 2839 admoto
327 2788 384 2839 ictae
394 2785 656 2858 percussaevepartis,
698 2785 744 2838 lib.
757 2786 829 2849 VH,
842 2802 900 2855 cap·
915 2803 940 2836 a.
953 2785 1043 2840 Haun.

164 2864 266 2931 murium
275 2884 408 2919 venenum
418 2866 564 2928 extrahere,
575 2863 656 2936 idque
742 2864 787 2918 23.
815 2863 881 2918 Gens
903 2866 1049 2937 Psyllorum.
1069 2866 1212 2931 Quomodo

165 2956 206 2993 uon
214 2945 340 3016 precipua
352 2944 466 3016 quadam
476 2945 597 3009 scientis,
610 2943 656 2998 sed
700 2943 864 3014 serpentibus
874 2943 975 2997 mederi
987 2946 1025 2999 illi
1037 2946 1106 2999 soliti
1115 2961 1212 3010 essent,

165 3019 253 3077 andana
267 3044 316 3077 usu
332 3025 496 3077 confirmata.
509 3023 580 3077 Vide
592 3023 657 3095 quid
701 3022 828 3077 describit
836 3024 970 3090 AElianus,
981 3024 1048 3078 Hist.
1059 3024 1113 3079 An.
1125 3027 1171 3079 lib.
1184 3029 1213 3089 1,

167 3093 191 3149 de
202 3100 236 3154 bis
248 3117 338 3157 auctor
355 3101 441 3170 dicat,
457 3105 503 3157 lib.
518 3105 658 3170 XXVIII,
702 3122 761 3173 cap.
774 3108 788 3154 5
793 3122 819 3173 7,
833 3115 860 3155 et
871 3103 918 3156 lib.
931 3104 1013 3165 XVI,
1030 3122 1088 3176 cap.
1105 3124 1152 3176 27,
1166 3107 1214 3158 ubi

168 3192 211 3250 cap.
223 3185 245 3236 3,
258 3184 325 3237 Du„
700 3182 922 3253 Agatharchidem
953 3184 1053 3253 pariter
1078 3198 1213 3237 auctorem

197 3279 235 3314 ar.
246 3263 403 3332 Ophiogenes.
415 3253 567 3334 ὀφιογινιῖς,
582 3263 658 3333 quasi
700 3260 798 3329 laudat.
814 3263 897 3315 Corn.
911 3262 1003 3315 Celsus
1015 3260 1093 3326 (sicut
1110 3267 1163 3335 jam
1183 3265 1212 3317 in

168 3341 347 3412 terpeutigenas,
354 3342 400 3413 qui
407 3361 488 3413 genus
494 3356 521 3395 et
529 3341 658 3412 originem
702 3341 865 3411 Daleeanrpii
878 3354 940 3400 nota
956 3341 1100 3397 indicatum
1116 3341 1165 3407 est)
1174 3345 1209 3396 ita

169 3420 656 3489 serpentibusducant.Dehisstraho,
702 3421 1212 3492 remexplicattih.V,c.27‚utdicn0re

169 3489 205 3545 hh·
213 3499 279 3553 XIII.
287 3501 329 3555 Cf.
337 3515 392 3554 not.
404 3521 448 3564 so,
465 3501 561 3566 s3,s5.
569 3501 658 3567 Hsuu.
704 3501 807 3552 vulneri
828 3499 956 3566 admoto,
974 3520 1105 3555 venenum
1127 3501 1209 3559 abiis

109 3602 111 3611 ·
172 3576 379 3651 *Ophiogenem
392 3574 493 3651 Psyllos
505 3593 531 3632 et
542 3579 659 3648 ejusdem
704 3592 867 3639 extractum,
886 3599 939 3631 non
959 3581 1088 3651 peculiari
1103 3579 1216 3649 quadam

173 3648 242 3708 larino
254 3660 421 3712 circulatores
432 3661 497 3714 scito
509 3660 609 3729 ubique
618 3677 661 3711 oo·
704 3658 826 3722 scientia,
839 3657 884 3710 sed
899 3659 1007 3713 audacia
1020 3660 1110 3730 potius
1126 3677 1216 3715 corro-

109 3790 112 3815 ἰ
174 3743 257 3788 currere
271 3739 314 3790 ubi
325 3753 461 3811 serpentes
469 3739 572 3791 vulneri
581 3738 661 3791 instil·
704 3740 796 3791 borata
807 3756 865 3790 usu.
877 3740 916 3790 Ac
925 3740 1004 3808 paulo
1014 3752 1091 3809 post:
1108 3765 1119 3787 ι
1129 3740 1216 3793 Vene-

109 3822 111 3837 ²
175 3804 216 3861 lant
224 3813 363 3884 'venenum
377 3838 476 3890 paucos
490 3819 588 3871 auxilio
600 3837 660 3874 vere
705 3817 1078 3888 num,inquit,serpentum,
1094 3838 1149 3872 non
1168 3838 1218 3890 gu·

178 3901 231 3954 0⁸⁸0,
246 3892 305 3949 dum
322 3898 412 3969 plagas
425 3911 540 3968 sugunt;
554 3911 581 3950 at
598 3897 659 3968 plc-
705 3909 764 3960 stu,
779 3895 825 3949 sed
845 3897 873 3947 in
888 3898 997 3949 vulnere
1010 3911 1127 3954 nocet...
1146 3900 1218 3970 Ergo

179 3978 451 4045 rosquepromissisnou
463 3991 548 4049 stare„
561 3979 661 4049 quippe
707 3975 825 4047 quisquis
841 3976 991 4045 exemplum
1006 3976 1086 4048 Psylli
1102 3993 1219 4042 secutus,

1051 4085 1061 4111 2

1018 4114 1036 4155 2
