2692 4822
222 341 246 411 6
492 343 530 410 C.
558 340 731 410 PLINII
758 341 868 409 NAT.
898 341 1026 409 HIST.

153 527 156 531 >
221 487 272 542 tot
308 460 499 564 animalium
537 471 626 540 aliud
661 471 703 542 ad
738 469 953 564 lacrymas²⁷,
988 485 1021 543 et
1052 471 1112 541 has
1142 476 1297 567 protinus

106 572 110 574 ἡ
184 581 298 655 avitas
313 580 486 674 principio.
504 565 581 647 At²⁸
602 577 801 647 hercules
775 603 859 647 risus
866 576 1096 672 ,praecoxille
1115 594 1148 647 et
1166 579 1298 649 celerri-

219 711 315 773 mus,
344 699 420 753 ante
440 684 729 778 quadragesimum
755 684 842 752 diem
866 632 949 752 irulli
976 683 1118 753 datur²⁹.
1150 686 1202 754 Ab
1226 687 1296 756 hoo

219 914 355 965 Romanos
371 912 564 965 usitatissimam
580 913 736 984 appingens.

221 993 409 1061 suffragantur
431 991 547 1062 Baptista
576 993 653 1057 Pius,
679 995 736 1046 Cu-

220 1073 273 1125 lius
297 1067 480 1142 Rhodiginus,
499 1072 553 1125 alii
569 1073 655 1149 Negat
672 1073 737 1125 Pin-

221 1153 319 1216 tianus,
333 1163 359 1204 et
365 1151 501 1204 Plutarchi
508 1153 595 1204 locum
605 1155 736 1223 apponite

221 1232 292 1283 libro
312 1230 358 1283 cui
377 1231 469 1284 titulus
488 1231 659 1302 πιρὶΤὺχηςε
653 1221 737 1285 'llari

222 1313 291 1378 Τύχῃ
302 1330 330 1381 γε
343 1309 384 1362 καὶ
394 1311 462 1381 φύσει
470 1316 586 1410 yars'qsoc
597 1312 730 1382 ἄμεινον
703 1331 737 1364 τα

222 1393 331 1442 πλιῖστοι
343 1398 391 1442 τῶν
401 1392 496 1488 ἀλέγων
508 1394 633 1460 κέχρηται.
642 1390 680 1442 Τὰ
693 1392 737 1488 μὲν

223 1471 271 1539 γὰρ
260 1471 518 1541 ρῷπλισταινιέραοι,
531 1472 598 1523 aail
586 1466 685 1534 Ιτλοῦσι,
696 1468 738 1522 καὶ

224 1552 339 1618 κέντροις·
360 1547 438 1620 αὐτὰρ
455 1555 550 1617 ἐχῖνος,
568 1551 639 1647 quoire
657 1557 740 1620 Epat-

224 1627 329 1693 δοκλῆς,
343 1628 455 1692 ᾝξυὸελῆς
469 1625 500 1682 δέ
515 1650 541 1681 τι
555 1630 640 1691 νώτοις
653 1632 738 1682 ἐπιπο-

224 1705 739 1780 γρίκοισι,καὶὑποδέδεται,κοιὶη’μφίισται

224 1789 318 1856 φολίσι,
331 1789 372 1840 καὶ
385 1789 506 1857 λάχναις,
524 1788 565 1841 καὶ
579 1792 682 1857 χηλαῖς,
697 1787 739 1840 καὶ

225 1871 312 1926 ὁπλαῖς
324 1869 476 1938 ἀποκρότοις·
489 1865 595 1939 paracle
606 1870 740 1938 ἄνθρωπος,

225 1947 294 1999 κατὰ
308 1967 349 1999 τον
362 1940 500 2012 Πλάτωνα,
511 1968 616 2018 γομνος,
630 1948 671 2000 καὶ
686 1948 741 2000 circ·

225 2035 304 2090 πλος,
318 2047 359 2079 aaa
352 2017 541 2091 ἀνυπόδητος,
554 2047 596 2079 και
613 2028 738 2099 ἄστρωτος

225 2108 274 2158 ὑπὸ
297 2113 340 2167 τῆς
359 2108 453 2176 φύσεως
480 2108 666 2159 ἀπολέλειπται.
683 2106 736 2159 Sed

226 2185 388 2257 quidinde?
402 2187 453 2238 Vir
466 2179 641 2248 Cherooaaus,
655 2205 738 2257 quan·

226 2285 308 2337 quam
321 2267 454 2328 Ιλληνιστί,
472 2263 544 2336 apud
556 2268 689 2319 Romanos
700 2279 734 2319 ta·

226 2337 500 2418 menscripsit,neque
512 2347 608 2397 mirum
622 2346 642 2396 si
651 2343 685 2397 ad
696 2365 738 2397 ro-

778 926 902 966 crescunt
918 911 1051 983 pecudes,
1066 927 1203 979 armenta,
1222 916 1296 968 lerae·

779 1010 849 1062 que,
860 993 916 1045 Nec
927 993 1119 1064 crepitacula'
1096 1013 1133 1047 ers
1144 994 1208 1094 opu'
1216 1009 1296 1060 sunt,

780 1085 846 1125 etc.
864 1075 912 1124 Aa.

831 1170 876 1221 ²7.
908 1147 1056 1225 Nullamque
1087 1164 1123 1203 tot
1156 1155 1297 1221 animalium

780 1231 849 1282 aliud
875 1232 910 1282 ad
933 1233 1059 1303 lacrymas.
1085 1228 1217 1287 Habeant*
1235 1236 1296 1288 ticet

780 1322 936 1363 caeterorum
956 1313 1109 1364 animalium
1127 1318 1211 1378 fetus,
1229 1309 1295 1366 dum

780 1390 808 1441 in
827 1391 916 1442 lucem
937 1390 1073 1455 eduntur,
1094 1391 1223 1461 quiddam
1249 1412 1296 1446 va·

780 1470 847 1539 gitui
863 1471 1032 1541 ploratuique
1052 1472 1153 1539 simile,
1167 1472 1297 1544 lacrymas

780 1562 850 1600 certe
859 1567 913 1600 non
922 1550 1032 1614 habent;
1042 1570 1101 1622 quae
1109 1551 1227 1604 hominis
1236 1571 1297 1623 pro-

779 1628 845 1698 priae
854 1647 884 1680 ac
893 1629 1036 1699 singulares
1041 1642 1111 1682 sunt.
1122 1632 1199 1682 Flent
1207 1644 1296 1684 tamen

780 1709 857 1778 pauci
871 1709 996 1772 infantes,
1005 1709 1042 1761 ita
1056 1723 1085 1761 ut
1095 1711 1278 1780 lacrymentur
1289 1733 1293 1760 :

780 1788 889 1858 vagiunt
903 1786 1012 1859 quidem
1026 1789 1079 1852 ssli,
1090 1789 1137 1842 sed
1146 1790 1222 1843 siccis
1232 1810 1296 1842 ocu·

779 1869 820 1920 lis.
832 1868 1138 1922 Hiran-Hermolaus:
1145 1874 1247 1939 pronius
1260 1860 1295 1921 ad

782 1949 920 2019 laerymas;
954 1948 1048 2000 clarius
1077 1967 1158 2018 quam
1190 1950 1296 2019 elegan-

781 2029 849 2084 tius,
863 2045 912 2078 nec
924 2046 938 2078 e
949 2028 1028 2079 Plinii
1036 2039 1131 2079 mente.
1137 2029 1215 2095 Nam,
1227 2030 1297 2081 illius

779 2105 898 2177 jndicio,
913 2125 967 2157 non
981 2107 1065 2158 solum
1080 2107 1191 2178 pronior
1208 2108 1242 2161 ad
1258 2111 1296 2161 la·

780 2205 885 2257 crymas
897 2185 995 2250 homo,
1007 2185 1053 2238 sed
1066 2188 1136 2239 solus
1148 2206 1179 2239 ex
1194 2189 1297 2241 cunctis

781 2266 941 2335 lacrymatur
950 2285 957 2330 ;
965 2263 1035 2318 solus
1043 2279 1206 2337 certe‚quum
1217 2270 1246 2320 in
1255 2269 1296 2319 lu·

780 2365 837 2398 cem
854 2343 953 2415 prodit.
968 2345 1113 2414 Ergo‘cum
1131 2346 1259 2400 Salmasio
1271 2360 1297 2400 et

226 2420 319 2478 arianos
331 2446 419 2479 mores
428 2426 528 2478 allusit.
539 2424 670 2478 Caeterum
676 2426 737 2495 quia
780 2425 966 2494 manuscriptis
979 2425 1098 2476 facimus.
1110 2428 1157 2476 Ar.

227 2498 386 2559 Hermolaus
392 2518 493 2558 naturae
500 2504 677 2575 patrocinium
687 2523 740 2556 sus·
824 2507 868 2558 28.
884 2505 1008 2556 Hercules.
1019 2502 1092 2556 Sica
1107 2506 1293 2577 manuscriptis

227 2584 299 2654 cepit
314 2585 439 2638 adversus
454 2586 586 2648 Plinium,
606 2584 689 2654 petito
708 2603 739 2636 ex
781 2582 912 2636 Harduin.
929 2585 1035 2634 Hercule
1048 2584 1094 2636 Gr.
1111 2597 1137 2635 et
1150 2585 1195 2636 Al.
1209 2583 1294 2655 Marg.

228 2665 366 2723 Aristotele
384 2666 536 2717 testimonio
554 2668 595 2718 De
614 2664 738 2737 Generat.
782 2665 887 2715 Varior.

227 2742 342 2796 Animal.
371 2745 418 2797 lib.
447 2746 490 2810 ΙΙ,
521 2745 587 2800 scire
614 2744 739 2797 lectorem
825 2762 869 2811 ²9·
887 2743 974 2805 llisus,
993 2764 1091 2813 praecor
1105 2745 1146 2795 ille
1161 2756 1185 2794 et
1201 2747 1295 2796 celerri-

226 2824 352 2878 volumus
364 2838 542 2896 patrocinium
565 2824 618 2876 hoc
636 2825 741 2894 piumve
784 2841 848 2886 meu,
863 2834 918 2873 ante
931 2823 1136 2894 quadragesimum
1153 2824 1215 2875 diem
1235 2826 1295 2875 nulli

227 2904 390 2980 apologiam,
402 2901 742 2955 meliusabHermolaode·
784 2903 864 2954 datur.
885 2903 946 2954 Non
970 2901 1056 2955 ridere
1078 2903 1205 2955 infantem
1230 2905 1295 2996 vigi·
1336 2889 1340 2900 ¹

228 2984 298 3034 sumi
310 2985 430 3053 'potuisse
448 3002 479 3034 ex
493 2983 563 3035 libro
581 2985 621 3035 De
638 2982 738 3035 Partib.
784 2984 851 3048 lem,
868 2981 918 3033 nisi
936 3000 950 3033 a
967 2981 1167 3053 quadragesimo
1183 2982 1227 3035 die
1239 2986 1295 3054 opi·

228 3063 406 3123 Animalium,
421 3081 469 3133 cap
490 3083 529 3115 rx
543 3061 639 3142 Quoad
656 3061 738 3114 totius
781 3080 828 3112 nro
840 3056 963 3125 rnvalun
977 3073 1003 3113 et
1014 3064 1047 3115 ab
1057 3062 1194 3114 Aristotele
1208 3062 1242 3115 ad
1250 3084 1295 3115 no·

227 3138 366 3212 hujusca'
358 3142 427 3194 initii
447 3160 548 3196 nexum
566 3138 739 3211 tenoremque
782 3154 849 3194 atros
861 3101 1294 3212 usquediesconstititstagirites,

228 3234 255 3273 ct
270 3223 436 3292 querelarum
454 3222 631 3286 acerbitatem,
640 3222 738 3272 Lucre·
782 3222 896 3273 Animal.
911 3222 998 3282 Hisc,
1017 3215 1066 3274 lib.
1080 3222 1149 3283 VII,
1166 3239 1225 3291 cap.
1246 3229 1295 3283 10‚'

228 3301 281 3354 tius
307 3302 429 3370 exemplo
449 3301 514 3364 fuit,
535 3299 569 3353 de
592 3303 654 3353 Rer.
678 3300 738 3351 Nat.
785 3301 832 3353 fin.
857 3293 1065 3371 (edsLugdun.
1082 3296 1212 3354 Gulielm.
1238 3301 1296 3354 La-

227 3381 273 3434 lib.
286 3380 322 3444 V,
336 3380 537 3434 vss.'223·a3o:
555 3380 641 3431 «Tum
658 3397 739 3449 porro
783 3379 875 3444 marii,
908 3378 999 3447 1590)
1026 3399 1032 3432 :
1058 3379 1096 3432 Τὰ
1121 3376 1151 3432 δὲ
1180 3377 1295 3443 παιδία,

228 3480 304 3530 puer,
322 3473 353 3514 ut
370 3461 444 3513 sevis
461 3462 595 3530 projectus
613 3456 739 3511 abundis
783 3459 843 3511 ὅταν
872 3459 1004 3528 γίνωνται,
1033 3462 1079 3530 πρὸ
1109 3461 1297 3530 τετταράκοντά

227 3540 339 3604 Navita,
352 3539 441 3593 nudus
454 3536 530 3591 humi
539 3541 622 3610 jacet,
637 3538 738 3595 infans,
781 3543 889 3610 ἡμερῶν,
902 3541 1049 3609 ἐγρηγορότα
1063 3539 1123 3609 μὲν,
1139 3536 1193 3591 οὔτι
1216 3543 1296 3610 γελᾷ,

227 3620 333 3692 indigus
352 3621 425 3673 omni
441 3620 514 3672 Vitai
528 3619 738 3689 auxili0,quum
783 3618 838 3671 οὔτε
851 3613 965 3688 δακρύει,
979 3621 1070 3689 νύκτωρ
1083 3616 1109 3671 l*
1121 3620 1197 3671 ἐνίοτε
1213 3621 1298 3689 ἄμφω

227 3701 345 3771 primum
360 3701 389 3753 in
406 3699 515 3752 luminis
532 3693 608 3750 auras
626 3698 740 3754 Nixihus
783 3699 1297 3763 Burrorr,Histoirerraturelledcl'lromme:

228 3798 263 3830 ex
283 3782 341 3833 alvo
366 3781 455 3834 matris
473 3779 574 3831 Natura
591 3773 738 3848 profudit:
789 3805 799 3824 ι
821 3776 941 3830 L’enfaut
969 3798 1004 3830 ne
1028 3783 1215 3831 commeneea
1243 3779 1298 3831 rire

228 3859 378 3929 Vagituque
389 3862 476 3913 locum
492 3858 598 3928 lugubri
611 3858 741 3928 complet,
785 3865 866 3928 qu‘au
877 3859 944 3910 bout
953 3856 987 3909 de
998 3871 1125 3929 quaranta
1134 3860 1223 3927 joura;
1236 3857 1298 3910 c'est

229 3950 258 3988 ut
276 3957 380 4009 aequum
400 3954 437 3993 est
451 3939 502 3994 Cui
519 3951 620 3992 tantum
638 3937 665 3988 in
686 3937 740 3988 vita
785 3932 853 3989 aussi
868 3938 893 3988 le
906 3935 991 4009 temps
1002 3939 1097 4007 auquel
1112 3937 1131 3987 il
1144 3955 1298 3989 commence

228 4030 309 4070 restet
323 4019 433 4071 transire
448 4021 587 4073 malorum.
609 4019 642 4069 At
662 4017 741 4069 varica
786 4017 935 4087 ipleurer3
955 4036 999 4069 car
1018 4031 1181 4088 auparavaut
1193 4017 1231 4070 les
1247 4018 1299 4077 cris
