2692 4822
296 370 339 417 η
555 350 593 416 c.
623 348 1093 419 scrutiniatum.
1159 406 1165 419 .
1228 310 1232 315 '

287 480 419 548 diversa
440 503 578 574 genera,
599 483 749 550 saeviunt.
772 483 814 550 At
831 481 1132 552 herculcshomini
1154 481 1264 577 plurin

287 585 425 655 homine
442 601 520 655 sunt
538 585 635 655 mala.

258 717 274 766 7
342 682 394 785 (t)
403 695 447 761 Et
457 692 500 762 de
513 693 727 762 universitate
736 693 868 787 quidem
879 696 1008 789 generis
1016 695 1261 791 humani‚mag

289 812 401 892 parte,
418 800 451 867 in
470 797 630 875 relatione
652 801 799 893 gentium
819 785 1005 870 diximus⁶².
1027 801 1144 897 Neque
1166 804 1256 871 enim

290 930 467 998 moresque
485 929 575 974 nunc
592 892 817 994 tractamus⁶³,
835 908 1044 992 innumeros,
1058 933 1097 977 ac
1111 908 1249 979 totidem

289 1131 404 1203 Lyricen
413 1143 503 1183 noster
513 1133 529 1182 J
532 1166 538 1178 ·
548 1127 578 1185 B.
593 1135 745 1199 Boumelo,
753 1135 800 1187 lib.
846 1135 926 1203 paulo
937 1135 1019 1199 infru,
1031 1137 1197 1189 etRoncusn
1206 1178 1213 1200 ,
1222 1138 1256 1188 les

287 1211 326 1274 ΙΙ,
335 1209 388 1262 Od.
397 1229 459 1262 xrv:
845 1215 953 1280 arietes3
967 1213 1039 1266 unde
1052 1235 1103 1267 vox
1116 1221 1233 1281 cribrare,
1252 1219 1264 1270 5

316 1314 384 1367 Tigres
394 1314 438 1368 plus
446 1315 541 1356 ech-rues
549 1329 588 1369 que
596 1316 615 1355 le
626 1317 668 1357 lion
678 1331 774 1370 seringe,
846 1293 1008 1348 11θίῑόῑᾶοὸθᾶ
1015 1294 1072 1348 llaess
1078 1308 1104 1349 el
1109 1296 1263 1366 hujumodi

381 1385 438 1437 Qui,
450 1386 522 1439 motget
531 1401 552 1426 u
560 1387 656 1437 temate,
844 1374 888 1443 ple
902 1392 1046 1445 congerere
1056 1386 1095 1426 est
1101 1395 1210 1446 operam
1221 1375 1264 1428 lud

314 1455 368 1494 Dans
376 1469 403 1494 un
416 1465 471 1495 entre
480 1455 522 1496 lion
531 1467 642 1509 respectant
651 1471 687 1497 son
695 1457 772 1509 image,
844 1472 907 1506 nam
916 1472 1037 1524 expresse
1046 1455 1148 1508 Plinius
1158 1469 1235 1525 negat
1243 1476 1264 1508 ut

379 1525 483 1578 De'pouillo
494 1541 547 1579 pour
559 1527 587 1567 lui
599 1541 619 1567 ιι
630 1528 694 1566 terte.
843 1532 947 1602 gulam
959 1533 1060 1602 aliquas
1077 1536 1145 1588 feras
1167 1523 1259 1588 eontra

287 1611 369 1678 Quod
375 1612 410 1666 ad
416 1614 454 1666 rei
464 1615 600 1668 veritatem
610 1626 718 1686 spectat,
727 1632 800 1666 uem·
842 1630 925 1682 genus
940 1610 1079 1678 dimicare,
1094 1618 1139 1667 sed
1153 1633 1264 1686 congreg

286 1713 335 1764 pe,
349 1707 441 1747 caetera
454 1695 596 1746 animantia
610 1696 693 1765 probe
707 1694 736 1745 in
749 1712 799 1746 suo
843 1704 911 1744 stare
947 1694 1082 1745 turmatim
1124 1707 1216 1746 contra
1249 1714 1264 1747 s*

285 1791 383 1842 genere
396 1772 504 1844 degere,
517 1775 684 1845 congregari,
699 1785 725 1826 et
731 1785 799 1825 stare
842 1771 890 1823 Aa.
904 1803 946 1814 -
957 1772 1037 1836 Maris
1046 1773 1147 1836 bellnae,
1163 1785 1214 1827 etc.
1228 1773 1264 1826 Po

285 1865 379 1906 eontra
394 1852 545 1914 dissimilia,
561 1855 743 1924 exceptionem
752 1871 799 1922 pa·
842 1849 963 1922 intelligit
981 1850 1017 1904 de
1034 1853 1131 1926 quibus
1145 1867 1235 1906 narrat
1253 1881 1264 1902 ι

286 1932 361 1985 titur.
376 1932 797 2004 Plinius,deCoccygeave.lib.
841 1931 880 1993 cia
895 1930 1047 1994 mendax„
1071 1945 1100 1984 ut
1121 1931 1212 1986 videre
1225 1947 1264 1986 est

286 2012 329 2076 X,
340 2031 363 2064 c.
376 2032 392 2082 9
404 2031 429 2065 :u
442 2012 515 2079 Quin
530 2013 677 2067 absumitur
685 2013 719 2065 ab
732 2013 798 2064 acci·
841 2011 895 2075 IX,
907 2029 966 2081 cap.
975 2013 1012 2076 3,
1025 2011 1072 2065 ubi
1087 2011 1121 2064 de
1137 2013 1260 2065 monstris

287 2091 733 2164 pitre.siqnandounaapparuere;
742 2092 796 2143 sola
839 2090 880 2147 nis
895 2091 956 2143 satis
966 2092 1068 2161 prolixe
1081 2092 1209 2162 loquitur.
1219 2095 1264 2144 Ar⁴

287 2172 410 2230 omnium
430 2173 485 2229 avis
498 2192 513 2225 a
527 2191 575 2227 sno
597 2190 692 2242 genere
711 2171 796 2223 iuter·
881 2174 928 2223 62.
944 2172 974 2222 In
1000 2171 1114 2223 relatione
1123 2175 1228 2241 gentium
1239 2173 1265 2224 di

286 2263 383 2322 empta.
399 2278 409 2301 ι
428 2255 464 2306 Et
478 2253 548 2306 libro
567 2251 676 2317 eodem,
695 2270 720 2304 c.
737 2269 795 2319 72:
839 2249 926 2302 Libris
940 2252 1132 2322 geographicis.
1145 2252 1264 2303 Haeo.-

289 2357 300 2378 ·
314 2332 416 2402 Inquo
427 2351 524 2403 genere
537 2332 627 2386 omnia
643 2331 726 2400 magis
737 2330 797 2382 exi-
824 2359 827 2362 ·
840 2328 861 2380 si
868 2331 984 2383 exactius
993 2331 1162 2401 interpretari
1171 2331 1260 2397 libeat,

286 2410 370 2475 italia,
380 2412 403 2463 si
422 2432 500 2467 suum
514 2431 596 2482 genus
610 2410 706 2474 edere,
721 2420 795 2463 ante·
838 2409 969 2472 librorum
976 2411 1264 2481 geographicorumpar

279 2508 367 2560 ,quam
375 2506 496 2545 noceant.
508 2517 519 2539 ι
530 2493 566 2545 Et
579 2490 748 2552 Aristoteles,
762 2487 796 2541 de
839 2488 957 2558 gentium
977 2489 1122 2560 descriptio
1139 2503 1166 2542 et
1185 2509 1264 2542 enum

285 2569 401 2623 Historia
411 2570 696 2636 Animatinm‚tib.1X‚
707 2587 731 2622 c.
746 2571 796 2633 16,
839 2567 1018 2621 continentur·
1037 2569 1107 2622 Male
1131 2588 1193 2640 ergo
1213 2570 1240 2621 in
1259 2592 1264 2640 Ι

284 2649 371 2703 olores
388 2651 488 2722 seipsos
504 2650 536 2704 ad
553 2651 667 2711 invicem
683 2649 797 2702 maxime
839 2647 960 2699 versione
974 2649 1044 2699 Aur.
1063 2667 1102 2701 nu
1115 2649 1217 2713 Pinus,
1232 2669 1260 2720 p.

285 2729 408 2783 omnium
431 2731 521 2786 evium
547 2729 675 2783 devorare
696 2727 794 2782 tradit:
842 2725 932 2780 Sedit.
946 2726 1031 2794 Lugd.
1054 2728 1125 2781 1531
1149 2747 1155 2780 :
1177 2731 1264 2781 ·Eni

283 2808 338 2861 Εἰσὶ
353 2803 380 2860 ‹l'
391 2810 412 2862 oi
424 2813 505 2863 abusos
519 2810 678 2880 ἃλληλοφάγοι
685 2809 796 2880 μάλιστα
838 2807 1062 2877 cosmographis.-
1072 2809 1165 2878 Neque
1173 2807 1264 2860 enimd

259 2928 262 2937 .
283 2894 333 2941 τῶν
347 2889 441 2958 ὀρνέων.
457 2890 520 2943 Post
529 2890 585 2943 hec
600 2878 753 2943 addittliosi
764 2882 794 2938 dl
839 2885 1121 2956 opotpnpipSecundus
1128 2888 1261 2958 cogitavit,

284 2973 332 3021 τῶν
346 2968 429 3039 taptns
442 2968 479 3024 ,τὰ
493 2970 535 3039 μὲν
547 2971 704 3038 ἀεὶπολέμια
717 2967 794 3022 etti·
838 2955 1002 3036 Ϊίθνογραφίᾳ,
1024 2968 1095 3019 utin
1115 2965 1264 3031 Prooemii(

282 3053 331 3108 λοις
341 3085 350 3112 ,
360 3049 403 3102 ’τὰ
419 3045 464 3107 di,
483 3050 565 3119 ὥσπερ
586 3049 719 3118 ἄνθρωποι,
734 3050 793 3102 ὅταν
839 3064 935 3116 nempe
950 3047 1027 3114 liujus
1036 3038 1116 3111 libri)
1128 3046 1238 3099 exordio
1254 3074 1264 3095 ι

282 3128 398 3195 τύχωσιν.
409 3128 490 3181 Tauri
505 3147 612 3201 quoque
622 3147 690 3199 saepe
703 3127 794 3180 decer·
838 3137 929 3190 terrae,
942 3138 1024 3195 geistes
1030 3146 1042 3187 ,·
1054 3152 1064 3172 ι
1083 3127 1130 3178 ubi
1148 3126 1209 3179 vide
1225 3146 1264 3196 qu

282 3219 352 3270 tant,
362 3207 506 3278 etquidem
517 3210 552 3260 ita
563 3208 657 3260 acriter
669 3220 699 3259 ut
710 3225 793 3275 sepe,
838 3217 935 3257 tantur.
953 3209 1000 3258 Ar.

281 3287 508 3352 alteroviucente,
517 3288 582 3339 alter
590 3287 716 3339 exanimis
728 3305 792 3338 con·
876 3285 923 3338 63.
934 3287 1169 3339 Tractamus.Vetus
1182 3286 1250 3338 liber
1261 3308 1264 3336 t

282 3365 792 3437 cidat.VirgiliiinGeorg.lib.111,vss.
837 3368 909 3415 vintru
919 3364 1017 3428 habet;
1031 3379 1060 3418 ut
1075 3365 1188 3418 indubie
1204 3367 1264 3436 lege

285 3465 351 3517 217,
360 3466 432 3519 seqq.
445 3449 519 3500 locus
525 3447 647 3500 classicus
656 3459 794 3509 est,ever·
835 3444 869 3495 sit
880 3444 1052 3508 tractabimus,;
1062 3462 1124 3498 narn
1137 3468 1149 3498 v
1165 3464 1215 3515 pro
1229 3446 1244 3496 b
1258 3447 1264 3498 i

282 3526 362 3581 sione·
372 3527 523 3599 rhythmica
539 3538 652 3579 nostrat.
668 3527 791 3578 [tunm
836 3522 939 3577 dicibus
946 3525 1026 3596 paulo
1034 3527 1222 3587 vetustioribus
1233 3545 1264 3578 su

280 3607 431 3661 notissimus
450 3625 457 3660 :
478 3634 490 3654 ι
506 3606 636 3658 Dulcibus
661 3605 705 3658 illa
729 3605 789 3676 qui·
836 3604 963 3664 occurrit.
989 3607 1115 3658 Rursusne.
1136 3638 1175 3646 —
1190 3607 1264 3659 Innio

280 3683 342 3738 dem
370 3687 500 3741 illecebris
522 3698 550 3739 et
574 3705 641 3756 saepc
663 3686 791 3756 superbos
833 3682 908 3752 quod
923 3685 1045 3754 proxime
1058 3686 1185 3756 sequitur,
1199 3685 1227 3737 in
1237 3705 1264 3758 qr

279 3765 411 3819 Comibus
422 3769 528 3821 interce
542 3765 638 3836 subigit
648 3764 790 3818 decernere
833 3761 894 3821 dam
915 3763 990 3817 libris
1005 3764 1133 3835 scriptura
1146 3784 1201 3816 non
1219 3767 1264 3818 exl:

281 3857 413 3898 amantes·
427 3883 433 3894 .
447 3882 473 3894 .·
489 3848 532 3899 Illi
547 3847 702 3899 alternantes
709 3845 790 3897 multa
834 3842 878 3903 sed
892 3847 1008 3895 innctmeri
1023 3857 1078 3895 sarit
1085 3866 1095 3905 ,-
1109 3863 1157 3897 uec
1178 3846 1203 3898 τὸ
1218 3866 1259 3908 ac,

221 3960 222 3963 κ
278 3925 306 3975 vi
320 3926 410 3994 prelia
422 3927 541 3991 miscent,
555 3925 718 3979 Vulneribus
731 3943 788 3977 cre·
832 3923 900 3983 inter
922 3926 1052 3975 innumeros
1083 3925 1236 3987 euclidem,
1263 3964 1264 3974 ,

278 4003 348 4066 bris,
363 4017 436 4060 etos·
461 4009 528 4061 Item
552 4006 624 4060 cervi
636 3996 707 4077 (vid.
723 4003 788 4057 ibid.
834 4004 905 4055 Dure
920 4003 984 4068 hoc;
996 4001 1064 4057 illud
1073 4005 1193 4074 abrupte.
1205 4007 1252 4058 Ar.
