2692 4822
227 388 275 459 26
489 388 528 456 C.
558 384 729 453 PLINII
757 385 868 452 unt.
900 387 1027 453 HIST.

192 544 222 579 10
280 523 430 590 Feminas
456 518 588 613 quidem
614 540 730 585 omnes
751 517 924 648 ubipue
893 542 964 586 visu
985 542 1105 586 nocere
1112 545 1211 612 ,quae
1233 522 1293 588 tlu-

224 627 324 722 plices
341 623 482 723 pupillas
499 623 660 703 habeant
680 624 819 692 Cicero
845 648 976 717 quoque
995 624 1083 719 apud
1101 651 1161 694 nos
1177 642 1295 694 auctor

224 751 285 805 est.
300 735 392 803 Adeo
407 747 534 801 naturae
543 754 669 824 ,quum
690 729 835 798 ferarum
857 755 984 800 morem
1001 731 1156 800 vescendi
1176 733 1294 801 huma-

224 842 276 910 nis
289 839 498 909 visceribus
490 863 524 904 ur
542 837 677 906 homine
696 838 879 930 genuisset,
897 839 1033 932 gignere
1049 839 1148 906 ctiam
1168 840 1201 906 in
1223 854 1294 907 toto

225 970 383 1042 corpore,
394 959 428 1014 et
445 947 479 1012 in
495 942 717 1037 quorumdam
736 940 840 1012 oculis
858 969 990 1037 quoque
1007 969 1136 1014 venena
1164 945 1292 1074 blacuit:

225 1051 364 1146 nequid
383 1074 523 1144 usquam
542 1048 619 1117 mali
637 1064 724 1118 esset
729 1049 875 1144 ,'quod
866 1074 900 1117 m
919 1052 1054 1119 homine
1074 1077 1143 1119 non
1164 1041 1293 1120 *Qesset

192 1188 223 1222 ιι
281 1158 380 1226 Haud
407 1155 524 1251 procul
546 1156 628 1224 urbe
651 1158 791 1224 Roma
782 1182 816 1224 ur
836 1155 1038 1225 Faliscorum
1063 1182 1142 1250 agro
1164 1156 1296 1225 familiae

225 1279 303 1334 sunt
321 1288 458 1358 paucae,
474 1289 546 1358 quae
567 1277 731 1331 vocantur
747 1247 899 1391 H5irpi⁵:⁷
916 1263 967 1332 hae
985 1211 1148 1332 sacrificio
1166 1287 1295 1347 annu0,

224 1370 314 1465 quod
324 1369 414 1438 fitad
427 1385 576 1439 montem
589 1354 777 1438 Soractem⁵
780 1354 976 1462 8Apollini59
979 1395 1097 1499 super
1108 1370 1295 1438 ambustam

225 1477 305 1572 ligni
328 1490 453 1546 struem
473 1474 679 1544 ambulantes
697 1500 765 1543 non
787 1461 1016 1544 adurunturl‘l
1036 1480 1080 1544 Et
1106 1477 1149 1544 ob
1173 1476 1206 1543 id
1226 1502 1297 1571 per-

224 1599 326 1679 petuo
345 1567 662 1662 senatusconsulto⁶1
681 1579 803 1649 militiae
823 1583 1037 1676 omniumque
1055 1578 1196 1651 aliorum
1219 1607 1295 1651 nru-

149 1711 158 1721 ‘
223 1716 341 1760 nerum
362 1691 571 1759 vacationem
589 1688 724 1764 habent.

225 1921 304 1967 rene,
323 1920 402 1973 quem
426 1900 460 1954 de
482 1899 592 1953 historia
614 1899 736 1970 philoso·
781 1919 813 1951 eo
827 1901 1038 1953 sacrificulorum
1048 1920 1166 1971 genere,
1179 1914 1208 1954 ut
1220 1902 1295 1955 vide-

227 1981 297 2053 phiae
317 1980 450 2052 scripsisse
470 1979 582 2035 tradrmt
604 1980 736 2050 Diogenes
781 1992 837 2047 tur,
846 1999 915 2032 unus
928 1999 934 2033 :
949 2007 959 2028 ι
974 1978 1083 2033 Summe
1097 1981 1201 2045 Deum,
1216 1984 1297 2034 sancti

231 2062 319 2114 Laert.
330 2073 357 2112 et
370 2060 539 2113 Plutarchus
546 2061 593 2111 As.
782 2072 871 2112 custos
883 2060 998 2113 Soractis
1009 2061 1122 2132 Apollo,
1137 2061 1225 2124 Quem
1239 2062 1298 2132 pri

269 2140 315 2194 55.
332 2139 425 2192 Cicero.
440 2140 506 2192 In''
488 2160 520 2192 us
534 2118 635 2193 scilieet
649 2138 734 2199 libris,
781 2158 818 2190 mr
811 2139 1001 2205 colimus,cui
1008 2139 1297 2211 pineusardoracervo

228 2240 295 2292 quos
303 2237 400 2289 injuria
409 2233 561 2292 temporum
570 2216 707 2271 dolemus
700 2238 739 2269 111
781 2218 944 2287 Pascitur,et
957 2218 1094 2283 medium,
1109 2219 1170 2272 freti
1180 2233 1293 2290 pretate

228 2297 372 2354 tercidisse.
386 2298 475 2352 Hirro.
781 2317 829 2368 per
844 2299 933 2390 ignem
948 2300 1072 2353 Cultores
1091 2298 1176 2351 multa
1194 2301 1297 2370 premi·

254 2378 315 2440 ,66.
338 2377 411 2431 Adeo
432 2392 526 2431 naturae
529 2417 587 2431 ......
606 2397 654 2428 non
669 2391 737 2430 esset.
781 2396 841 2432 mus
858 2378 967 2450 vestigia
985 2398 1080 2448 pruna.
1096 2405 1107 2425 n
1124 2379 1231 2431 Verum
1247 2399 1296 2452 per

228 2461 317 2525 Quam
329 2458 375 2510 hie
388 2458 468 2511 valde
480 2456 589 2511 ludatur
606 2457 702 2510 Noster
713 2471 739 2510 et
781 2457 854 2528 ignes
863 2471 939 2511 caute
948 2458 1177 2520 ambulassescito,
1191 2479 1223 2512 ex
1235 2459 1297 2512 Ser·

227 2540 342 2610 legentes
350 2537 438 2602 ludat
452 2539 495 2592 vel
508 2557 539 2590 ex
552 2536 604 2590 hoc
614 2536 738 2608 conspice
781 2537 826 2588 vio
832 2538 905 2609 ,qui
924 2539 1074 2590 Varronem
1095 2550 1191 2590 testem
1213 2537 1296 2590 advo-

180 2653 181 2656 =
228 2617 304 2691 quod
323 2618 429 2671 nullum
450 2635 600 2682 venenum,
620 2616 671 2669 nisi
700 2631 738 2670 ta·
782 2635 861 2682 caus,
870 2612 1032 2671 sacrificulos
1041 2617 1101 2671 illos
1109 2616 1235 2670 admonet
1248 2638 1297 2690 per

228 2698 290 2752 ctile
304 2695 391 2750 laedat
410 2699 493 2769 Atqui
504 2699 562 2751 haec
581 2696 703 2760 eminus,
718 2697 739 2749 si
773 2715 881 2774 prunas
890 2697 1085 2761 ambulaturos,
1100 2694 1296 2750 medicamento

228 2784 341 2842 nocent,
354 2790 461 2831 nocent.
477 2772 528 2830 Aa.
773 2766 871 2847 aliquo
890 2776 982 2830 solitos
997 2777 1047 2830 sibi
1061 2778 1164 2847 plantas
1185 2777 1299 2848 tingere.

270 2857 316 2927 57.
338 2856 420 2928 Hirpi.
437 2856 480 2910 Ita
492 2874 692 2926 resumpsimus
707 2875 739 2913 ex
783 2852 898 2923 Strabo,
926 2856 1010 2927 Geog.
1028 2855 1074 2909 lih.
1088 2857 1124 2920 V,
1143 2875 1198 2907 non
1220 2857 1300 2928 Apol·

228 2932 310 2991 codd.
328 2937 392 3007 Reg.
417 2957 447 2995 1,
467 2957 499 3002 a,
520 2947 547 2988 et
568 2935 652 2988 Paris
668 2934 738 2988 Soli·
781 2934 848 2999 lini,
869 2934 916 2988 sed
935 2932 992 2988 deae
1013 2933 1133 2989 Feroniae
1155 2934 1215 2987 fieri
1242 2937 1299 2989 haec

227 3036 298 3081 nus,
313 3033 372 3087 cap.
387 3035 411 3068 11
427 3035 433 3068 :
453 3040 464 3064 ι
479 3017 554 3081 Quos
571 3013 670 3084 Hirpos
690 3035 738 3068 vo·
783 3033 854 3067 sacra
868 3013 998 3086 prodidit.
1012 3015 1154 3068 Maronem
1168 3013 1250 3068 Silius
1262 3036 1300 3068 se-

228 3094 363 3148 cant-Ab
372 3089 495 3166 Hirpinis
506 3094 635 3146 saltaliae
649 3112 739 3165 popu·
783 3094 883 3165 quitur,
895 3096 932 3158 V,
947 3093 1054 3166 175.H.
1063 3092 1173 3148 -Vid.
1186 3096 1243 3147 not.
1254 3099 1299 3148 60.

227 3175 274 3240 lis,
285 3173 320 3227 de
332 3173 430 3245 quibus
442 3174 549 3238 lib.III,
560 3193 618 3244 cap.
636 3177 682 3226 16.
691 3172 740 3226 Hae
825 3173 870 3244 59.
890 3174 1009 3246 Apollini.
1027 3173 1122 3227 Strabo
1138 3173 1185 3225 lib.
1195 3175 1232 3240 V,
1244 3194 1299 3228 non

229 3250 336 3307 familiae
352 3254 430 3324 longe
453 3254 504 3306 situ
527 3253 610 3324 magis
628 3248 739 3316 dissitae,
783 3253 1299 3324 apollintsedFeroniaehaecsacrafieri

228 3352 310 3405 quam
328 3333 506 3404 appellatione
526 3331 675 3385 dissimiles.
692 3331 740 3386 Hae
783 3333 859 3386 solita
869 3332 963 3398 tradit,
973 3336 1050 3406 cujus
1058 3347 1083 3386 et
1091 3353 1122 3386 eo
1132 3335 1193 3385 loco
1206 3333 1299 3386 fanum

229 3412 301 3466 enim
315 3412 343 3465 in
353 3412 516 3465 Faliscorum
529 3431 594 3483 agro
606 3411 739 3466 Etruriae:
783 3412 876 3474 fuerit,
895 3413 1011 3485 urbsque
1030 3412 1208 3482 cognominis.
1227 3413 1295 3464 Dan.

229 3493 268 3545 illi
285 3490 444 3546 Samnitium
462 3491 544 3545 vieini
565 3503 591 3544 et
618 3492 740 3544 Lucano·
826 3496 872 3546 60.
885 3492 942 3546 Non
951 3492 1094 3545 aduruntur.
1110 3491 1242 3544 Fraudem
1253 3492 1300 3544 hic

228 3591 298 3639 rum
326 3570 475 3624 Pm'mensis
492 3570 591 3636 editio,
611 3571 740 3643 aliaeque,
785 3571 864 3625 etiarn
879 3573 1003 3625 subolere
1015 3585 1053 3624 est
1066 3572 1138 3625 illius
1153 3590 1210 3623 non
1225 3570 1300 3624 dissi·

229 3653 331 3706 habent
344 3652 449 3722 Hirpr'ae.
462 3651 551 3704 Hmn.
785 3651 1237 3722 milem,quavrrH1spanusnostris
1246 3650 1302 3702 dre·

273 3730 318 3785 58.
333 3730 464 3784 Soractem.
481 3730 565 3783 Monte
586 3729 614 3782 S.
636 3731 737 3795 Oreste,
785 3734 834 3784 bus
852 3732 965 3784 Lutetiae
984 3750 1046 3784 usus
1060 3744 1112 3795 est,
1127 3731 1182 3802 igni
1197 3730 1299 3782 invium

234 3823 263 3863 ut
290 3807 415 3864 diximus
432 3811 502 3864 libro
525 3809 657 3874 secundo,
682 3831 739 3881 cap.
786 3831 840 3864 sese
862 3791 1027 3874 dictitans,
1020 3831 1079 3880 igne
1103 3809 1211 3863 tandem
1236 3829 1300 3862 con-

234 3888 278 3958 95.
308 3889 349 3943 nd
371 3891 420 3945 hos
441 3891 557 3963 Hirpos,
573 3904 599 3943 et
621 3888 740 3943 adhunc
786 3903 906 3960 sumptus
920 3904 946 3943 et
963 3891 1015 3943 suis
1031 3891 1086 3961 ipse
1107 3890 1208 3943 artibus
1229 3909 1302 3941 mor·

232 3970 315 4022 ritum
341 3971 454 4042 respexit
474 3971 618 4042 Virgilius,
636 3969 739 4022 AEneid.
789 3983 840 4021 tem
856 3983 956 4022 tractus.
969 3971 1086 4022 Currus.

234 4051 272 4102 xl
279 4089 286 4114 ,
296 4049 350 4119 785
360 4088 367 4116 ‚
377 4049 449 4122 apud
462 4070 542 4122 quern
553 4053 588 4104 sic
599 4060 700 4114 Aruns,
711 4069 742 4101 ex
822 4053 867 4101 61.
884 4051 920 4102 Et
927 4051 956 4101 ob
964 4050 991 4101 id
993 4061 1106 4119 perpetuo
1117 4048 1303 4101 scirntunonsul-
