2692 4822
180 357 229 428 38
458 362 497 426 c.
526 359 688 442 rainu
715 358 822 426 rtis:
848 359 972 450 mss,

179 504 410 582 trecentosque
438 515 554 559 eorum
582 489 674 578 vicos
697 503 903 579 annumerat.
931 491 1082 559 Feminas
1104 492 1248 585 septimo

179 596 282 665 aetatis
302 620 390 664 anno
411 595 572 691 parere¹,
548 595 752 687 ⁰sencctam
767 594 1049 692 quadragesimo¹¹
1067 597 1231 667 accidere

126 705 161 760 ²3
230 689 497 789 Artemidorus,
487 728 522 771 m
537 682 752 796 Taprobana¹
769 699 876 771 insula
897 701 1120 798 longissimam
1135 705 1247 772 vitam

178 810 248 878 sine
264 807 331 877 ullo
349 810 499 902 corporis
512 807 677 928 “languore
694 808 833 878 traduci
846 809 966 897 Duris,
979 809 1139 904 Indorum
1154 834 1250 903 quos·

178 914 255 983 dam
279 939 355 984 cum
372 913 448 982 seris
469 915 558 984 coire
567 915 772 1010 ,mixtosque
786 930 821 994 ct
833 914 1002 984 semiferos
1016 940 1087 984 esse
1095 914 1248 1035 'partus-

178 1024 220 1090 In
235 1004 399 1115 Calingis³
402 1019 567 1112 ,ejusdem
579 1018 681 1091 Indiae
696 1036 812 1116 gente,
833 1020 1059 1114 quinquennes
1075 1025 1251 1152 concipere

168 1123 334 1214 feminas,
358 1140 515 1195 octavum
539 1129 616 1197 vitae
637 1151 761 1207 annum
783 1153 851 1196 non
874 1116 1064 1214 excederet
1091 1113 1152 1198 Et⁵
1174 1126 1252 1196 alibi

81 1245 88 1253 '
182 1232 288 1301 cauda
309 1231 425 1301 villosa
450 1233 601 1304 homines
634 1237 743 1320 nasci,
764 1234 995 1329 pernicitatis
987 1221 1147 1305 eximiae⁶·
1139 1235 1253 1322 ,alios

185 1486 247 1520 mox
273 1485 280 1520 :
309 1492 321 1514 ι
339 1465 382 1520 Ad
408 1468 466 1521 baec
489 1470 518 1521 in
544 1468 697 1546 regionibus
740 1465 838 1520 mulier
850 1481 971 1536 nonest,
985 1469 1054 1523 hene
1071 1469 1253 1522 estcnvmn.

183 1565 249 1618 quas
258 1546 440 1601 Herculislilia
450 1566 532 1618 regno
548 1549 647 1611 tenuit,
658 1549 697 1601 fe·
784 1565 809 1599 r.
832 1547 987 1615 Taprobana.
1001 1546 1067 1601 vid.
1087 1566 1147 1619 quta
1173 1568 1255 1619 supra

185 1627 270 1679 minas
278 1627 326 1678 ubi
335 1625 369 1678 ad
377 1628 520 1698 septimum
530 1628 590 1681 vita
598 1647 698 1682 annum
742 1624 776 1678 ad
786 1626 856 1677 Plin.
866 1625 913 1678 lib.
926 1625 980 1692 V1,
991 1644 1050 1695 cap.
1066 1630 1116 1692 aa,
1128 1625 1254 1681 diximus.

96 1759 98 1762 ,
186 1704 358 1775 perveniunt,
373 1706 437 1759 viris
451 1718 569 1760 maturas
581 1710 697 1769 censeri,
742 1704 825 1770 Quod
839 1703 872 1757 ad
886 1706 943 1758 esti
958 1706 1150 1765 salubritatem,
1167 1725 1256 1778 requa-

187 1802 217 1836 ac
228 1779 423 1849 nubere‚'vir0s
432 1785 605 1858 quadraginta
618 1807 700 1842 annos
742 1785 881 1850 bilitatem‚
887 1786 1042 1857 temperiem
1052 1787 1210 1857 spectat,nil
1217 1788 1256 1839 ibi

188 1865 427 1920 summumvivere.
436 1890 448 1912 »
463 1867 600 1932 Etruscus,
610 1893 621 1916 a
632 1869 701 1920 Her·
743 1863 817 1935 quod
826 1864 916 1917 mirari
924 1864 1076 1930 debeamus,
1085 1878 1131 1919 aut
1140 1867 1257 1919 miracu·

188 1940 277 1996 aulem
287 1943 410 1997 eumdem
426 1964 488 1999 cum
500 1945 555 1999 filia
565 1963 607 2000 vn
618 1966 702 2000 anno·
743 1944 776 1995 lis
790 1942 928 2012 gignendis
946 1942 1073 1996 idoneum
1086 1945 1256 2005 arbitremur·

188 2041 250 2078 rum
263 2023 453 2088 concubuisse,
469 2037 498 2077 ut
512 2043 545 2077 ex
555 2040 585 2078 'se
599 2026 703 2080 soboles
745 2022 825 2077 Conf.
837 2035 864 2075 et
875 2041 933 2094 quse
944 2022 1015 2076 dicta
1031 2023 1066 2077 ad
1083 2025 1206 2096 Cyrnos...
1218 2030 1258 2077 vi·

188 2101 320 2155 ludorum
345 2103 451 2172 regibus
471 2119 663 2174 procrearetur.
687 2131 699 2153 1·
746 2114 883 2166 acremot-
903 2122 927 2167 1,
942 2121 1003 2173 pag.
1020 2103 1066 2155 35.
1078 2105 1124 2158 Aa.

190 2181 706 2238 Prnrtstt.—Mamhrumnomeaiisdcdit
792 2201 820 2237 a.
844 2181 981 2254 Miatosqae
1011 2194 1036 2233 et
1062 2186 1182 2250 samifltros
1207 2204 1258 2236 assa

193 2261 330 2322 Clitarchus
343 2275 367 2314 et
379 2262 555 2332 Megasthenes.
572 2265 612 2317 Ita
627 2265 703 2318 MSS.
743 2275 839 2333 partas.
855 2260 889 2325 Id
905 2260 1024 2315 libidinis
1038 2263 1133 2315 crebro
1146 2276 1173 2316 et
1185 2264 1258 2334 apud

192 2341 271 2412 plane
290 2361 390 2395 omues.
414 2343 509 2414 Neque
527 2344 650 2398 Pintiano
664 2363 705 2397 as·
748 2334 1197 2412 cunctos‘miserrimeusurpatum3
1209 2362 1260 2394 un-

191 2421 300 2492 asntior,
322 2422 369 2492 qni
387 2422 528 2479 Pandarum
542 2423 595 2493 legi
610 2425 704 2494 jubet:
748 2419 783 2473 de
803 2433 890 2473 tamen
912 2421 969 2473 noli
983 2420 1091 2474 credere
1110 2421 1258 2493 quidquam

193 2518 345 2592 quanquam
355 2500 390 2555 de
406 2499 556 2555 Pandarum
564 2516 659 2573 gente,
671 2502 706 2557 de
748 2500 853 2570 uspiam
865 2511 968 2553 natum.
979 2502 1097 2555 Cuvusn

193 2579 364 2649 qrraegimus,
373 2580 420 2633 lib.
428 2581 469 2634 VI
473 2600 547 2651 ,.cap
558 2589 603 2648 ss,
613 2581 706 2635 eadem
791 2581 816 2632 3.
833 2573 993 2649 laCaliagis.
1011 2579 1095 2632 Indiae
1113 2581 1209 2651 populi
1225 2580 1261 2634 ad

143 2710 146 2717 ,
192 2657 313 2736 prodidit
321 2660 460 2726 maranus
470 2663 518 2715 lib.
528 2664 598 2727 VII,
608 2661 641 2715 de
652 2665 706 2716 Ex
749 2659 883 2736 Gangis'
861 2678 964 2729 ripam,
986 2678 1043 2730 quae
1062 2672 1163 2729 spectat
1182 2678 1260 2713 occa-

193 2733 263 2809 ped.
278 2739 352 2795 Alex
372 2741 464 2795 Potuit
482 2742 553 2797 enim
576 2742 619 2795 vel
642 2761 706 2812 gens
748 2757 815 2792 sum.
824 2739 918 2791 Refert
929 2737 1021 2791 cadem
1032 2738 1151 2801 Solinus
1165 2758 1189 2792 c.
1204 2760 1261 2804 arr,

194 2816 304 2881 eadem,
321 2819 576 2893 vslhuicvicinaet
589 2822 706 2875 affinisa
748 2837 809 2888 pag.
823 2821 866 2872 80.
879 2818 969 2871 Hiar).

196 2891 332 2961 Clitarcho
345 2912 372 2951 et
381 2898 566 2968 Megasthene
577 2919 653 2975 quos
650 2901 708 2955 Pli·
797 2904 824 2962 4.
851 2899 1018 2968 Qar'aqaeaacs
1040 2902 1162 2968 concipere
1189 2901 1263 2966 fensi-

195 2975 258 3028 nius
272 2995 344 3030 nunc
357 2977 384 3030 in
396 2973 578 3049 partosvocat,
583 2978 706 3039 'tussam
749 2996 821 3029 aas..
836 2977 1009 3029 aoaercedare.
1022 2976 1128 3030 Scilicet
1144 2978 1261 3049 amplifi·

200 3072 261 3107 rum
266 3056 382 3110 'nomine
398 3055 538 3128 designari.
555 3060 645 3127 Hann.
749 3069 807 3109 cata
816 3059 871 3127 jam
884 3075 900 3109 a
912 3057 1012 3110 caetsris
1025 3057 1176 3125 amplificat.
1190 3059 1261 3110 Cuv,

241 3151 285 3187 10.
302 3135 415 3188 Femiaas
431 3141 530 3207 septima
547 3141 626 3198 atatis
643 3157 706 3191 anno
757 3177 761 3185 .
792 3137 818 3189 5.
841 3137 970 3198 Erattbt,
989 3150 1037 3189 etc.
1058 3137 1098 3190 Dc
1117 3136 1263 3206 Anglicana

194 3231 289 3281 parere.
304 3221 338 3270 In
350 3217 707 3287 majusprolataveritas.1n
750 3229 827 3286 gente
846 3214 969 3279 caudata,
990 3215 1100 3286 aliisque
1118 3216 1263 3280 similibus,

197 3291 359 3347 calidissimis
376 3295 477 3348 scilicet
493 3296 646 3367 regionibus
668 3297 707 3349 fe·
750 3293 812 3348 vide
830 3295 922 3366 Majol.
945 3295 1049 3366 Colloq.
1065 3296 1110 3358 Π,
1130 3313 1190 3366 pag.
1205 3295 1260 3349 35.

198 3371 277 3438 minc
291 3391 436 3443 praeoccs,
445 3393 494 3428 nec
503 3376 607 3429 nullum
618 3394 706 3430 exem·
750 3375 841 3427 Hanc.

197 3452 274 3521 plum
288 3462 328 3505 est
346 3471 434 3518 nono,
455 3467 501 3507 aut
516 3454 621 3509 decimo
636 3474 706 3509 anno
790 3460 818 3508 6.
846 3453 933 3509 cauda
956 3454 1045 3506 villana
1071 3454 1174 3506 lamiam
1198 3461 1266 3507 nasci

198 3531 366 3599 parientium.
379 3535 631 3596 Curram—Immo
641 3545 669 3588 et
679 3535 707 3587 in
748 3537 899 3604 pernicitatis
908 3536 1008 3586 eaimioe.
1019 3535 1059 3586 De
1070 3534 1172 3604 magnis
1183 3535 1266 3586 simiis

198 3609 274 3663 Italia
287 3623 313 3663 et
326 3611 354 3662 in
368 3611 454 3666 Gallia
466 3626 571 3678 uastam
586 3612 632 3667 sed
648 3633 708 3667 raro
752 3615 838 3667 solum
853 3614 978 3685 intellige.
991 3611 1157 3677 Quibusdam
1179 3613 1267 3666 homi·

200 3687 363 3755 admodum,
378 3690 415 3744 ita
429 3705 459 3745 ut
478 3705 602 3765 stupeant
615 3706 642 3747 et
662 3713 709 3747 an·
754 3693 832 3746 nibus
843 3711 942 3763 coccyx
958 3711 1150 3763 nonnunquam
1161 3693 1267 3762 longior

199 3780 293 3821 notent
305 3768 397 3823 sedulo
408 3770 514 3826 medici.
529 3774 576 3824 Aa.
670 3824 674 3832 ,
755 3773 835 3842 paulo
847 3773 912 3841 luit3
923 3770 997 3843 qood
1007 3771 1063 3825 vitii
1074 3790 1156 3842 genus
1168 3773 1266 3842 pictori

210 3906 213 3911 ¹
243 3865 287 3900 11.
311 3849 435 3905 Serestum
448 3853 630 3923 quadragesimo
649 3856 710 3905 acci·
753 3850 861 3905 cuidam
869 3851 1126 3923 nuperiuitLutetiae
1134 3853 1268 3920 nonigno-

200 3925 264 3978 dere.
292 3928 322 3980 Si
352 3932 511 3986 senectutem
542 3933 577 3986 h..
593 3933 613 3987 l.
640 3932 709 3985 hanc
753 3931 811 3983 bili.
821 3928 873 3983 Sed
881 3930 949 3983 nihil
959 3929 1058 3984 haecad
1068 3928 1180 3984 caudam
1189 3931 1267 3983 villo·

140 4041 143 4047 -
199 4005 440 4080 atatemdicat,qua
448 4012 588 4083 conceptui
597 4015 651 4084 jam
663 4030 712 4081 par
753 4010 923 4063 samsariont.
941 4010 1058 4062 Currus.
