2692 4822
193 446 200 459 .
229 345 275 417 32
315 303 347 370 Ὗ
491 346 529 412 c.
558 343 729 412 rainu
757 344 867 413 Nar.
895 346 1024 413 ursr.

225 459 508 548 tlrorcludorum8⁶
532 475 654 544 dieitur
679 478 793 571 regio,
822 479 1087 571 pernicissimum
1100 463 1125 517 ⁸⁷
1147 480 1298 549 animal:

221 611 328 679 ,quum
341 581 582 678 quadrupedes,
594 597 665 651 tum
682 597 773 653 recte
790 598 972 671 currentes,
986 571 1160 654 humana⁸⁸
1169 585 1301 680 effigie,

224 705 362 785 propter
369 687 597 775 velocitatem,
611 689 673 757 nisi
694 714 788 758 senes
809 705 867 758 aut
885 675 1008 783 aegri⁸⁹,
1026 716 1094 759 non
1110 694 1299 786 capiuntur.

133 830 135 839 ·
225 792 571 866 Choromandarum⁹⁰
590 808 722 888 gentem
735 810 835 864 vocat
847 798 999 880 Tauron,
1016 794 1214 885 silvestrem,
1228 801 1301 869 sine

181 909 182 912 ’
223 928 322 990 voce,
344 900 492 970 stridoris
514 899 719 988 horrendi⁹¹,
740 901 836 970 hirtis
856 903 1070 996 corporibus,
1088 903 1192 973 oculis
1212 903 1303 999 glau-

225 1011 291 1095 cis,
305 1007 460 1077 dentibus
483 1007 619 1076 caninis.
634 1007 793 1076 Eudoxus
811 1010 845 1075 in
868 1007 1058 1078 meridianis
1075 1009 1198 1099 Indiae,
1217 1013 1298 1081 viris

225 1114 354 1211 plantas
375 1136 446 1181 esse
470 1111 652 1198 cubitales;
675 1112 806 1184 feminis
823 1114 907 1184 adeo
929 1139 1065 1209 parvas,
1083 1131 1122 1185 ut
1144 1118 1299 1187 Strutho-

226 1217 359 1317 podes⁹²
381 1216 600 1313 appellentur.

150 1404 153 1415 .
190 1351 225 1402 18
280 1322 534 1420 Megasthenes¹
562 1339 694 1419 gentem
723 1326 810 1394 inter
837 1325 1007 1396 Nomadas
1032 1327 1135 1397 Indos
1163 1332 1298 1399 narium

268 1539 315 1608 86.
333 1533 558 1588 Catlrareludorum,
572 1534 613 1585 Ita
628 1535 692 1604 Reg.
709 1551 740 1599 1,
784 1534 862 1586 etiam
873 1552 975 1604 pronus
986 1533 1057 1587 idem
1068 1537 1302 1606 potest,sioutcae·

230 1629 297 1681 a,et
306 1614 390 1668 Paris.
400 1613 609 1678 Catardadorum,
621 1613 698 1668 Colb.
711 1631 740 1677 a,
784 1625 847 1666 terae
860 1612 1062 1686 quadrupedes,
1077 1615 1190 1686 ingredi.
1205 1618 1301 1673 His».

231 1717 261 1753 a,
277 1707 303 1747 et
323 1693 414 1747 chiffl.
442 1693 643 1759 Cartadulorum,
665 1690 740 1746 editi.
826 1695 872 1762 89.
884 1694 942 1746 Nisi
951 1713 1016 1744 senes
1027 1706 1071 1745 aut
1085 1699 1146 1764 agri
1154 1735 1162 1758 ,
1177 1708 1221 1749 etc.
1235 1697 1302 1752 Haec

228 1775 318 1827 Hm),
784 1773 1299 1844 pariterAEliau.Hist.Anim.lib.XVI,

272 1856 318 1925 87.
330 1854 532 1905 Perrricr'ssimum.
543 1850 614 1903 Male
620 1853 740 1922 peruicio-

230 1931 667 1987 sissimumFranzianaeVariorum
675 1950 742 1984 mar·

230 2011 518 2089 ginefflarduinianam
525 2010 632 2082 ineptiae
641 2030 693 2062 suae
700 2030 744 2082 ep·

230 2093 385 2148 anortlrosin
402 2089 598 2163 praeteudente,
610 2108 689 2160 quam
708 2088 742 2143 ad

231 2173 330 2227 caleam
344 2171 397 2224 vol.
412 2183 505 2223 auctor
518 2173 653 2240 rejecerat.
672 2175 717 2222 Aa.

273 2256 320 2308 88.
338 2254 363 2305 T
361 2271 400 2304 um
417 2250 598 2323 quadrupedes,
614 2261 663 2301 tum
681 2263 743 2301 recte

232 2345 365 2396 stertentes,
384 2332 489 2383 bumana
504 2324 594 2399 effigie.
613 2330 646 2380 In
661 2327 741 2382 Salm.

233 2427 260 2466 et
271 2413 352 2465 Paris.
369 2409 430 2464 cod.
454 2411 518 2462 item
533 2411 562 2461 in
577 2406 639 2461 edit.
654 2408 742 2461 Parm.

234 2504 346 2564 tanquam
357 2489 533 2562 quadripedes,
545 2501 594 2539 tam
610 2500 672 2539 reete
688 2508 742 2540 cur-

233 2584 318 2624 rentes.
337 2569 418 2623 Unde
444 2569 581 2621 Pintianus
605 2564 743 2632 emendat,

233 2651 416 2723 approbatque
432 2648 598 2714 Pollicerius,
608 2667 744 2720 quanquam

233 2730 415 2803 quadrupedem
436 2741 514 2780 tamen
534 2741 596 2780 recte
615 2733 742 2780 currentes.

234 2808 288 2864 Sed
296 2808 423 2862 videntur
431 2808 450 2859 ii
459 2809 526 2860 mibi
534 2808 648 2860 nimium
657 2806 745 2860 indul·

232 2909 294 2962 gere
306 2891 533 2960 conjecturasuae.
543 2888 583 2939 De
595 2885 695 2958 Satyris
703 2887 744 2938 in·

233 2983 274 3022 ter
284 2968 419 3021 simiarum
434 2985 529 3038 genera
539 2967 609 3019 libro
620 2978 744 3037 sequente

233 3043 345 3101 Plinius.
364 3048 412 3100 His
432 3060 528 3119 praeter
546 3046 660 3116 effigiem
674 3045 744 3098 nihil

233 3147 288 3180 esse
301 3127 412 3179 humani
424 3124 530 3179 abunde
544 3125 590 3178 hic
603 3126 676 3178 locus
696 3123 743 3178 de·

785 1870 843 1923 cap.
863 1854 1009 1906 antimo.

827 1949 874 1999 9⁰·
893 1931 1123 1984 Choromandaram.
1138 1935 1178 1986 Ita
1194 1933 1302 1990 codices

786 2013 852 2081 Reg.
865 2029 894 2076 1,
905 2030 919 2062 π
929 2050 936 2076 ,
945 2011 1023 2065 Colb.
1032 2031 1058 2074 1,
1067 2032 1093 2076 a,
1104 2013 1185 2067 Paris.
1198 2027 1225 2067 et
1234 2015 1303 2069 editi

787 2109 888 2143 omnes.
898 2093 934 2142 At
942 2103 1017 2144 vetus
1025 2089 1087 2144 cod.
1097 2092 1188 2146 Dalec.
1204 2094 1302 2148 Chora-

787 2189 896 2235 nearum,
909 2189 940 2222 ex
956 2189 1011 2240 quo
1031 2171 1099 2223 forte
1117 2190 1210 2225 eruere
1222 2173 1302 2229 liceat

788 2248 1013 2314 Chmmraermm,
1025 2249 1047 2302 si
1058 2269 1120 2320 gens
1133 2264 1172 2304 est
1180 2271 1210 2305 ea
1220 2254 1302 2309 silve·

787 2331 860 2396 stris,
870 2330 914 2382 cui
922 2329 1087 2382 velocitatem
1098 2343 1224 2402 praeterea
1237 2335 1303 2387 Cte-

787 2409 837 2462 sias
850 2409 986 2474 attribuit,
998 2409 1175 2462 Historiarum
1194 2411 1242 2466 lib.
1259 2415 1302 2481 X,

786 2486 859 2560 apud
881 2489 971 2559 Steph.
992 2488 1101 2562 Byzant.
1120 2496 1302 2562 Χωραμναῑοι,

788 2570 851 2629 ἔθνος
858 2569 988 2638 Περσικόν.
1000 2607 1007 2620 .
1018 2607 1024 2620 .
1036 2568 1098 2622 οὕτω
1108 2564 1138 2622 dl
1146 2573 1223 2638 ταχύς
1232 2574 1300 2626 ἐστιν

787 2649 799 2700 ὁ
815 2649 895 2719 ἄγριος
915 2647 1054 2718 ἅνθρωπος,
1075 2648 1116 2701 καὶ
1138 2645 1235 2703 διώκων
1252 2650 1301 2715 τὰς

788 2727 887 2798 ίλάφους
900 2725 1117 2798 καταλαμῧάνειν,
1129 2749 1159 2779 ea
1170 2730 1303 2784 raucitate

787 2818 831 2871 est,
842 2819 870 2858 at
882 2826 961 2859 cerras
972 2826 1042 2859 cursu
1053 2821 1199 2880 assequatur.
1207 2809 1300 2864 Haan.

787 2919 827 2928 -
845 2885 981 2939 Primariae
998 2881 1189 2956 magnitudinis
1209 2889 1304 2944 simias

787 2964 954 3019 crediderim.
967 2965 1084 3020 Corma.

828 3065 875 3116 91.
885 3045 1002 3098 Stridarr's
1013 3046 1132 3100 horrendi.
1147 3046 1231 3101 Solin.
1238 3067 1300 3120 cap.

790 3145 840 3179 an.
853 3125 945 3178 Hiar).

234 3207 329 3270 clarat,
338 3225 424 3277 quum
434 3207 539 3257 bumana
551 3203 744 3275 effigieSatyros
828 3224 876 3274 9²·
890 3203 1070 3276 Struthopodes.
1084 3196 1140 3258 Ᾰπὸ
1152 3211 1195 3259 τοῦ
1207 3203 1300 3274 aradis,

233 3306 288 3340 esse
304 3284 403 3358 prodit.
418 3283 577 3356 Quadrupes
590 3284 644 3336 fera
662 3284 744 3354 igitur
788 3285 880 3339 καὶτοῦ
894 3289 1018 3355 στρουθοῦ,
1029 3281 1104 3356 quod
1110 3284 1235 3357 peslraud
1244 3306 1301 3341 ma-

233 3386 318 3440 quum
334 3366 368 3418 sit
382 3365 502 3436 Satyrus,
517 3363 651 3416 interdurn
667 3362 743 3434 pedi·
784 3367 827 3435 jor
839 3364 872 3417 iis
886 3375 964 3435 quarn
979 3364 1091 3434 passeri,
1104 3365 1145 3417 vel
1160 3377 1190 3416 ut
1203 3365 1302 3420 volunt

232 3449 283 3499 bus
292 3447 330 3498 uti
339 3445 528 3516 posterioribus
537 3456 743 3515 tantumpotest,
787 3444 847 3509 alii,
871 3462 951 3515 quam
975 3442 1135 3507 struthioni,
1150 3444 1299 3501 videretur.

232 3525 298 3580 dum
321 3525 419 3589 currit;
438 3524 586 3597 prioribus,
601 3541 668 3593 quos
685 3523 742 3576 vice
786 3523 974 3577 Herm-Sic
984 3523 1220 3594 Struthocepbalos
1228 3526 1301 3591 The·

234 3624 364 3658 manuum
372 3617 464 3657 natura
476 3603 499 3655 ei
512 3603 620 3668 tribuit,
630 3622 690 3655 oum
703 3622 743 3654 re-
787 3604 890 3656 mistius
903 3601 970 3656 dixit
983 3603 1011 3655 in
1032 3603 1185 3673 paraphrasi
1201 3604 1300 3674 Physi-

231 3685 307 3757 liquo
320 3703 432 3755 corpore
444 3682 533 3736 elatis:
544 3701 598 3754 quo
607 3682 651 3749 fit,
662 3695 692 3734 ut
704 3701 744 3735 ar·
787 3701 893 3747 corum,
907 3683 1004 3754 quibus
1019 3683 1132 3753 amplius
1146 3695 1228 3754 capnt
1243 3703 1300 3738 non

233 3763 316 3830 dnus,
335 3763 474 3817 hominum
493 3780 583 3827 more,
604 3774 743 3832 rectusque
786 3775 912 3835 estquam
922 3761 1149 3833 passeri.Quidam
1157 3782 1300 3835 nonapas·

232 3844 331 3896 feratur
346 3862 353 3896 :
369 3841 445 3912 quod
465 3842 579 3895 incessus
597 3860 741 3912 cursusque
785 3861 841 3895 sere
863 3839 1059 3913 Struthopodes
1081 3840 1197 3906 ducunt,
1214 3841 1260 3895 sed
1283 3863 1299 3897 a

231 3941 314 3991 genus
325 3923 408 3976 simiis
420 3941 529 3994 quoque
543 3922 606 3994 ipsis
620 3919 741 3974 videmus
785 3921 1019 3974 Struthioeamelo.
1034 3923 1134 3974 Danao.

229 4020 284 4054 esse
317 4003 550 4054 larniliarissimum
577 3999 738 4054 :interdum
828 4002 1031 4069 1.Megastlaeeurs.
1050 4003 1128 4052 Hunc
1145 4000 1243 4052 Strabo
1254 4021 1300 4072 pa-
