2692 4822
526 317 685 431 Linou
713 363 799 430 vu.
1152 388 1200 458 29

125 509 321 565 contuentes
343 491 447 562 solem
467 493 692 562 immobilibus
713 468 843 562 oculis:
866 491 1071 563 ferventibus
1092 498 1201 565 arenis

126 617 194 670 toto
211 601 268 669 die
292 599 428 668 alternis
446 599 586 693 pedibus
607 602 765 669 insistere.
788 603 827 667 In
846 614 981 681 monte,
1001 603 1055 668 cui
1078 627 1200 670 nomen

127 723 175 777 est
200 705 314 793 Nulo,
338 706 491 774 homines
514 731 584 775 esse
611 708 735 776 aversis
756 703 895 801 plantis,
918 719 1058 775 octonos
1080 708 1201 802 digitos

126 816 158 882 in
178 811 317 908 singulis
336 811 520 898 habentes,
540 826 726 882 auctorest
745 812 988 906 Megasthenes.

178 922 219 986 ln
235 918 350 988 multis
367 933 479 987 autem
498 919 667 988 montibus
678 905 704 957 ⁷⁴
723 943 827 1012 genus
845 918 1018 986 hominum
1036 919 1199 1013 capitibus
1219 928 1252 981 15

129 1027 253 1094 caninis
261 1010 301 1111 ⁷⁵,
316 1025 463 1093 ferarum
477 1023 617 1120 pellibus
631 1023 744 1108 velari,
750 1049 812 1118 pro
823 1049 906 1094 voce
919 1022 1075 1093 latratum
1090 1026 1200 1113 edere,

129 1132 295 1226 unguibus
307 1144 474 1198 armatum
490 1145 613 1199 venatu
633 1146 668 1199 et
684 1132 826 1224 aucupio
846 1132 940 1199 vesci.
953 1134 1084 1199 Horum
1099 1156 1200 1226 supra

130 1251 260 1306 centum
277 1237 397 1331 viginti
414 1235 517 1306 millia
536 1235 634 1307 fuisse
649 1237 811 1332 prodente
832 1262 866 1304 se
885 1237 1013 1306 Ctesias
1021 1222 1047 1275 ⁷⁶
1070 1239 1198 1307 scribit:

131 1358 161 1411 et
188 1345 224 1410 in
232 1341 257 1381 ⁷⁷
278 1342 423 1436 quadam
445 1358 543 1435 gente
565 1343 689 1430 Indiae,
712 1342 850 1412 feminas
875 1342 975 1411 semel
1001 1345 1034 1412 in
1059 1347 1128 1413 vita
1147 1369 1201 1440 pa·

132 1474 199 1518 rere
208 1434 247 1534 ⁷⁸,
269 1449 465 1542 genitosque
489 1448 663 1519 confestim
694 1473 878 1519 canescere.
909 1452 995 1517 Item
1025 1450 1199 1520 hominum
1219 1465 1253 1512 16

133 1631 647 1703 -HominesosersispluotinIterumnu·
689 1629 766 1682 valde
781 1629 916 1696 eminens,
928 1650 1025 1685 nomen
1046 1633 1201 1705 impositum

132 1726 211 1781 gutur,
226 1711 490 1782 cautus'creteroquin
499 1725 545 1763 aut
555 1729 572 1762 a
582 1711 647 1763 viris
689 1709 906 1782 Cynocephalon.
922 1712 1040 1764 Cuvrsn.

133 1791 254 1863 deceptus
261 1811 317 1844 nou
328 1791 450 1855 incautis,
456 1788 521 1841 dum
530 1790 558 1841 in
568 1808 646 1841 mon·
731 1793 778 1858 76.
797 1789 891 1842 Ctesias
902 1791 992 1843 scribit.
1013 1794 1045 1843 ln
1067 1812 1099 1845 eo
1116 1795 1200 1858 libro,

134 1872 194 1922 tium
206 1871 398 1923 altissimorum
409 1869 479 1940 jugis
493 1881 538 1920 aut
548 1869 647 1940 asperis
689 1887 770 1939 quem
784 1866 818 1919 de
830 1867 930 1922 Indicis
944 1872 1023 1923 rebus
1034 1874 1199 1944 conscripsit.

134 1963 157 2002 et
165 1950 245 2003 inviis
260 1951 327 2003 locis
343 1950 400 2002 hnc
408 1948 468 2000 fieri
479 1961 584 2012 monet,
598 1961 646 2002 aut
690 1947 844 2001 Exstathoec
854 1950 1032 2019 ejusuarratio
1044 1953 1128 2005 multo
1139 1973 1200 2023 pro·

134 2042 246 2082 monent,
255 2029 377 2082 Forsitan
387 2042 476 2082 etnon
485 2028 554 2080 male
564 2030 648 2100 suspi·
688 2027 768 2080 lixior
782 2025 854 2098 apud
866 2028 1008 2093 Photium,
1020 2030 1048 2082 in
1058 2032 1128 2084 Bibl.
1140 2031 1200 2085 cod.

134 2109 279 2161 mberebas
291 2109 423 2160 viatorum
432 2125 579 2177 grecorum
588 2127 648 2160 nar·
690 2109 744 2176 73,
759 2106 806 2178 qui
827 2126 885 2159 eam
906 2105 1051 2162 mendaciis
1065 2112 1202 2164 refertissi-

133 2186 648 2258 rationesexcommentisreligiosisscy'·
689 2205 760 2239 mam
778 2198 863 2257 putat.
884 2188 940 2239 Hac
962 2208 1043 2258 porro
1058 2190 1143 2243 forma
1162 2192 1201 2242 lo·

135 2268 235 2322 thorum
243 2273 345 2320 temere
356 2274 383 2319 et
391 2264 499 2318 credule
509 2265 587 2318 nimis
599 2265 646 2319 de·
689 2263 957 2336 quendi‚prodeotese,
967 2267 1123 2339 intelligitur
1130 2269 1202 2323 hunc

135 2361 277 2416 promptas.
289 2343 346 2399 Nos
354 2344 433 2398 docet
441 2345 528 2398 viator
537 2344 646 2415 quidam
689 2364 782 2398 eorum
796 2346 937 2398 hominum
951 2365 1094 2401 numerum
1107 2349 1202 2414 fuisse,

136 2444 248 2490 coesus,
261 2428 295 2478 D.
305 2427 338 2478 D.
349 2426 520 2478 Hssnnuson
533 2425 562 2475 in
577 2425 646 2478 libro
689 2444 743 2495 quo
758 2436 878 2495 tempore
888 2426 987 2479 Ctesias
997 2427 1053 2479 baec
1065 2447 1201 2481 commen-

135 2523 177 2557 suo
187 2505 299 2558 Biblical
313 2505 462 2567 ressurelzes,
476 2503 606 2575 populum
618 2505 646 2557 in
690 2516 799 2557 teretur.
815 2505 905 2556 Hono.

136 2585 523 2654 Caucasocuinomenlugusclr,
537 2583 646 2636 credere
731 2593 778 2654 77.
792 2581 912 2635 Prodente
924 2603 949 2636 se
963 2585 1056 2638 Ctesias
1068 2588 1203 2640 'scribimt

135 2662 338 2718 (lacedaemonas
352 2661 496 2734 quosdam,
510 2662 599 2715 solitos
607 2666 646 2716 la·
689 2666 723 2714 io.
733 2660 903 2727 Quibusdam
911 2666 1032 2735 proditur.
1044 2666 1138 2719 Ctesias
1143 2673 1203 2720 scri·

136 2744 198 2796 ciem
222 2743 301 2797 indui
323 2743 464 2811 hominum
485 2755 645 2796 armatorum
691 2744 727 2793 bit
737 2745 771 2796 io.
786 2742 848 2793 Non
863 2743 969 2797 insulse.
983 2744 1105 2818 Namque
1113 2767 1163 2801 nec
1173 2751 1201 2801 τὸ

137 2824 229 2892 quibus
245 2823 332 2878 aversi
343 2820 425 2892 pedes
439 2817 514 2883 (with
526 2823 588 2873 their
593 2824 648 2890 foret
686 2821 801 2892 proditur
810 2835 871 2874 cum
884 2837 983 2892 puncto
989 2828 1099 2896 φράσεως
1108 2827 1202 2888 τελείας

136 2890 261 2966 inserted).
281 2903 399 2954 Cuvm.
689 2899 779 2953 indice
793 2901 927 2972 inelegans
943 2918 997 2969 est;
1012 2919 1039 2958 et
1053 2908 1081 2959 τὸ
1086 2907 1202 2976 prodente

174 2989 220 3052 74.
237 2985 271 3035 ln
282 2983 363 3034 multis
372 2993 452 3033 autem
464 2981 645 3047 montibus,etc.
690 3001 715 3031 se
729 2980 774 3033 vix
794 2982 1005 3051 intelligendum.
1024 2985 1121 3038 Prodit
1140 2987 1202 3039 Cte-

138 3061 196 3114 llaec
209 3060 244 3114 ad
256 3062 370 3114 verbum
382 3061 490 3113 Solinus
503 3062 555 3112 loc.
566 3062 609 3113 cit.
621 3075 648 3114 et
679 3061 741 3126 ,sias
751 3062 858 3113 :scribit
870 3061 978 3115 Ctesias.
998 3063 1049 3116 Sed
1066 3063 1133 3137 quid
1141 3086 1202 3136 pro·

107 3184 110 3189 .
137 3141 253 3206 Gellius,
278 3141 328 3193 lib.
350 3141 399 3193 IX.
423 3140 548 3193 Meminit
567 3140 646 3193 etiam
691 3142 796 3192 derdere
813 3134 1201 3197 Ctesias?ll1allemsane:seri-

138 3221 167 3272 D.
181 3221 322 3291 Augustin.
330 3219 365 3272 de
376 3221 455 3274 Civit.
470 3221 528 3284 Dei,
540 3220 558 3272 l.
566 3220 644 3282 XVI,
689 3221 757 3271 bento
769 3241 793 3271 se
802 3221 904 3289 prodit;
916 3223 944 3273 ni
957 3223 1068 3292 glossam
1082 3223 1111 3277 id
1125 3224 1202 3277 redo·

139 3319 193 3371 cap,
228 3302 255 3353 8.
281 3297 366 3371 Apud
393 3301 518 3352 Tartarus
539 3312 645 3369 gentem
689 3301 763 3352 leret.
781 3301 913 3353 Ceterum
924 3303 946 3353 si
962 3303 1073 3372 vulgatae
1083 3305 1201 3368 steteris,

138 3380 212 3446 plane
230 3380 298 3432 facie
315 3392 341 3431 et
356 3379 476 3431 moribus
494 3379 559 3431 huic
571 3379 645 3431 simi·
688 3380 760 3433 refer
772 3380 889 3449 prodente
905 3401 931 3430 se
944 3381 1077 3448 adfuisse,
1096 3403 1150 3435 non
1167 3381 1201 3435 ad

138 3458 186 3510 lem
194 3478 257 3522 esse,
267 3458 508 3529 scriptores'idonei
516 3459 644 3522 referunt,
688 3459 789 3521 scribit5
800 3456 873 3511 unde
882 3478 972 3512 sensus
981 3461 1025 3513 hic
1038 3462 1089 3514 erit
1100 3481 1200 3533 :quum

141 3555 203 3606 quos
218 3537 329 3591 laudant
342 3538 588 3609 Majolus‚Colloq.
602 3539 644 3602 II,
689 3539 745 3609 ipse
779 3540 915 3591 memoriae
948 3541 1084 3593 scriberet.
1114 3542 1200 3612 Supra

140 3634 194 3686 pag.
209 3617 264 3684 31,
283 3631 311 3669 et
329 3616 558 3688 Nierembergius,
576 3618 643 3670 Hist.
692 3618 1201 3685 1so‚ooohomiuumillierant,Ctesiae

141 3696 197 3749 Nat.
213 3697 262 3751 lib.
277 3698 363 3762 VIII,
376 3716 433 3766 cap.
449 3715 473 3750 1.
484 3698 575 3749 llsnu.
688 3698 826 3750 scribentis
839 3700 1019 3770 temporibus,
1033 3699 1054 3750 si
1067 3700 1131 3770 quid
1141 3702 1203 3754 Cte-

177 3776 223 3845 75.
240 3776 324 3830 Gerros
335 3779 455 3828 hominum
467 3776 585 3846 capitibus
603 3797 644 3828 cu·
689 3777 732 3829 siae
745 3775 845 3830 credas.
855 3780 902 3830 As.

142 3857 206 3907 riuis.
228 3857 331 3909 Locum
354 3856 459 3917 errori,
476 3874 518 3907 me
538 3854 646 3927 quidem
731 3860 778 3926 78.
793 3859 829 3908 Et
843 3862 867 3908 io
880 3858 983 3928 quodem
997 3870 1107 3924 gente...
1117 3880 1203 3930 parere

141 3932 325 4000 judice,dedit
336 3955 420 4008 genus
439 3934 576 3987 simiorum
591 3936 649 4007 qui·
690 3935 796 3989 Solinus
813 3937 865 3988 loc.
881 3937 925 3988 cit.
943 3955 976 3987 ex
994 3938 1090 3991 Ctesia.
1111 3941 1204 3994 Ctesioe
1254 3943 1260 3956 ⁸

143 4012 201 4076 bus,
217 4016 252 4066 ob
266 4016 413 4086 longiorem
435 4015 567 4068 maxillam
578 4028 603 4067 et
618 4034 648 4067 os
692 4016 774 4084 ipsius
785 4017 864 4067 verba
871 4016 982 4068 Photius
991 4019 1083 4072 recitat
1096 4020 1147 4071 loc.
1160 4022 1205 4073 cit.
